2774 4854
104 234 179 293 cer.
191 229 244 302 11]
302 227 358 290 AN
379 232 556 291 unusne
578 233 750 301 uxuusu
769 234 927 295 JUSTUM
949 235 1020 294 81‘1'.
1177 227 1219 294 59

183 397 228 462 13
263 395 428 463 Decimum
449 406 670 488 argumentum
693 398 816 486 prebet
838 398 924 466 locus
939 399 992 466 illo
1015 400 1124 468 Actor.
1140 421 1215 468 xxr.
1315 451 1323 466 .

105 498 162 575 11,
188 496 243 563 uhi
261 497 382 564 Paulus
397 498 444 564 itu
459 498 621 586 loquitur:
646 502 687 566 Si
703 501 832 584 injurio
847 525 1039 590 quemquam
1054 502 1161 588 affeci,
1184 514 1216 570 et

103 601 244 686 dipsium
262 600 394 686 aliquid
414 613 515 667 morte
541 603 698 678 eorrrmisr',
729 605 811 667 ’'uors
837 625 947 669 recuso
973 606 1068 670 mori.
1120 602 1216 670 Unde

102 698 228 790 colligo,
247 699 293 766 ite
308 699 465 767 censuisse
481 701 624 778 Paulum,
645 702 739 768 etiem
756 711 827 790 post
841 702 1030 790 publicatum
1048 702 1216 793 Evangelii

102 799 210 890 legem
227 799 373 887 quodam
392 820 461 866 esse
478 800 616 879 crimino,
639 823 712 889 quae
732 815 832 868 mortc
851 803 945 891 plecti
964 801 1096 890 nequitus
1120 802 1214 882 leret,

101 911 164 967 snt
178 899 274 967 etism
295 899 423 988 exigat:
448 903 533 989 quod
557 912 591 969 et
612 905 727 969 Petrus
748 903 849 980 docet,
878 905 895 968 1
917 903 1021 992 Epist.
1035 902 1067 969 ii.
1086 904 1140 981 19,
1159 904 1214 973 20.

104 999 251 1080 Quodsi
277 1021 318 1067 ss
339 1010 405 1068 tum
429 1002 539 1070 luisset
557 1003 620 1071 Doi
641 1003 797 1078 voluntas,
822 1016 858 1071 ut
885 1004 1069 1093 capitalibus
1087 1003 1215 1092 judiciis

100 1101 322 1180 absisteretur,
357 1112 505 1191 potuerat
529 1104 655 1191 quidem
680 1124 819 1192 purgare
846 1125 881 1171 se
908 1105 1035 1183 Paulus,
1069 1104 1126 1173 sed
1151 1127 1215 1173 non

100 1201 259 1270 debueret
274 1202 309 1269 in
324 1202 485 1270 hominurn
498 1204 610 1271 animis
635 1225 705 1270 eum
720 1204 899 1291 relinquere
915 1206 1101 1295 opinionem,
1124 1205 1214 1296 queei

100 1303 207 1391 cupite
232 1303 371 1392 plectere
395 1315 542 1372 nocentes
565 1326 648 1371 nnnc
667 1326 730 1371 non
751 1303 853 1371 minus
875 1328 969 1394 quom
996 1307 1069 1374 olim
1095 1305 1212 1374 liceret

101 1404 244 1471 Probsto
267 1414 373 1472 eutem
397 1405 546 1493 ospitales
569 1427 677 1494 poenss
699 1416 772 1494 post
788 1404 906 1473 Christi
930 1408 1101 1475 adrentum
1126 1416 1213 1476 recte

99 1504 254 1582 exerceri,
278 1506 369 1571 simul
386 1507 554 1595 probatum
570 1507 718 1584 arbitror,
746 1505 861 1572 bellum
877 1507 1004 1596 nliquod
1031 1506 1114 1575 licito
1130 1508 1210 1599 geri,

97 1615 182 1694 puts
202 1605 354 1672 advorsus
370 1615 518 1675 nocentes
533 1607 648 1674 multos
669 1617 703 1674 et
725 1616 886 1675 srmstosz
911 1609 966 1696 qui
991 1618 1028 1677 ut
1050 1609 1098 1676 roi
1120 1609 1208 1686 fient,

94 1706 169 1772 soie
185 1704 329 1772 vincendi
343 1716 426 1773 sunt.
478 1707 572 1775 Vires
589 1708 670 1774 enim
687 1717 720 1775 et
736 1705 916 1775 resistentia
931 1719 1107 1786 nocentum,
1128 1709 1209 1776 sicut

95 1805 131 1872 in
149 1805 297 1892 prudenti
323 1805 549 1874 deliberatione
564 1830 655 1875 suum
672 1809 790 1876 hebere
811 1816 1003 1875 momentum
1026 1817 1140 1897 potest,
1162 1809 1208 1877 its

92 1906 139 1974 de
159 1905 234 1993 jure
249 1905 318 1993 ipso
335 1905 412 1972 nihil
426 1905 591 1975 imminuit

176 2009 220 2072 14
256 2006 464 2074 Undecimum
477 2006 528 2087 sit,
546 2008 631 2097 quod
647 2008 681 2078 in
698 2011 905 2103 Apocalypsis
919 2009 1086 2101 prophetin
1096 2010 1210 2099 predi·

93 2181 319 2244 cuxxrmoep,
331 2181 554 2246 corneorum]
678 2184 766 2248 testes
790 2187 816 2234 11
841 2189 901 2235 esse
922 2188 967 2235 ose
991 2185 1135 2236 ἀκολούθου
1152 2192 1211 2238 rete

143 2258 630 2321 ‘lilqecilicetlnterellouqucsrhuc-
678 2261 931 2322 dede'ypecse'nieoe'r
955 2263 1084 2321 decime,
1101 2259 1210 2325 λαγορᾶ·

92 2339 137 2383 sor
152 2334 249 2381 minime
265 2334 414 2392 excluditut
427 2335 510 2396 torpes
524 2334 571 2381 hoc
586 2347 630 2381 uo·
680 2353 735 2384 eccs
759 2337 785 2384 dd
805 2337 880 2397 μόνον
901 2339 1078 2398 Xpsoremde,
1096 2337 1138 2386 sel
1165 2337 1209 2399 W

92 2411 227 2459 nineeum
238 2417 342 2473 cerpunt
357 2412 455 2474 qnldssu
471 2411 629 2473 interpretes.
679 2411 755 2472 ῦμὸν,
775 2412 901 2474 ἀξιοῦμεν.
931 2412 965 2462 Ut
978 2419 1056 2461 oete·
1067 2413 1209 2475 μίαν,

91 2486 169 2536 m.
678 2489 1209 2551 ptmseomnsrerpmpruutues-
1255 2480 1261 2491 '

141 2562 224 2611 rNos
248 2577 332 2612 nesso
356 2562 429 2626 κυνῆ
460 2564 500 2612 811
522 2569 549 2613 et
569 2563 627 2611 Act.
677 2564 1210 2625 ceretetsossiseeoloerretclriellnist

91 2641 177 2689 nuh
188 2644 233 2692 18:
248 2644 309 2705 quio
319 2643 386 2690 ulls
397 2643 422 2689 s'e
432 2657 467 2691 sse
478 2647 531 2691 erat
546 2642 630 2689 nortis
677 2639 1209 2706 quumewsu,eeeoropeoeu.[pe3.ec].

92 2732 179 2767 mess.
210 2719 323 2768 Jusdnns
333 2719 491 2782 Apolopsrs'oo
507 2716 628 2766 sraele-

436 2847 890 2869 ·--—--··--—s··

90 2955 197 3010 menes
218 2954 310 3010 which
327 2957 426 3028 equlty
444 2954 548 3019 ellone,
567 2971 601 3010 or
620 2970 692 3010 oren
715 2955 850 3027 requires,
869 2964 900 3013 to
920 2955 958 3013 be
977 2956 1118 3031 punlshed
1138 2958 1207 3017 reith

90 3040 201 3105 deeths
218 3041 309 3097 which
321 3041 381 3098 slso
396 3042 485 3097 Peter
495 3040 618 3106 teuchos,
635 3047 647 3096 1
659 3041 749 3113 Epist.
766 3043 795 3097 ii.
812 3048 855 3107 lu,
867 3049 911 3109 20,
925 3044 965 3115 Is
972 3047 1048 3100 solem
1058 3063 1093 3118 ye
1103 3048 1133 3103 ds
1143 3047 1207 3120 hes-

81 3129 222 3204 setedsor
231 3130 403 3200 yorersoults
411 3128 521 3200 yeelnll
529 3129 590 3182 tolo
599 3129 619 3182 it
629 3129 770 3201 potierrtly.
796 3130 827 3185 Il'
833 3129 882 3186 the
891 3131 947 3186 will
957 3132 991 3187 of
999 3133 1063 3188 (lod
1071 3133 1127 3189 hed
1137 3132 1208 3192 theu

90 3216 168 3270 been
181 3215 242 3270 thet
258 3216 339 3271 thoro
354 3216 455 3270 should
471 3231 508 3270 no
524 3215 624 3286 longer
641 3215 677 3270 bo
692 3215 796 3288 capitul
808 3217 1014 3290 punishmente,
1028 3220 1101 3276 Psul
1116 3221 1208 3296 might

89 3302 166 3359 hore
180 3303 294 3359 clonred
309 3303 426 3358 himself
444 3302 563 3367 indocds
582 3303 634 3357 hut
649 3302 685 3359 ho
700 3303 789 3376 ought
807 3317 860 3360 not
880 3314 911 3362 to
933 3305 1006 3363 hore
1025 3291 1080 3363 lert
1093 3324 1160 3365 men
1175 3319 1207 3365 tc

89 3390 176 3447 think
191 3390 254 3446 thet
266 3391 345 3455 then,
358 3406 396 3443 no
411 3390 465 3444 loss
481 3389 549 3443 rlrnn
562 3390 731 3463 previously,
743 3392 766 3446 it
780 3409 833 3446 πε*
848 3392 944 3448 lewr‘ul
956 3402 987 3449 to
998 3401 1052 3466 put
1062 3395 1207 3453 erimlnsls

88 3486 122 3533 to
140 3476 238 3532 doeth.
276 3478 335 3532 But
355 3476 436 3532 elren
453 3493 494 3531 ero
509 3476 581 3532 hnro
603 3478 709 3549 prorod
730 3478 793 3534 thet
812 3480 917 3552 cepitnl
937 3480 1122 3553 punishment
1139 3499 1207 3557 mey

87 3563 219 3637 leelully
231 3564 268 3619 be
282 3563 422 3636 prnetised
435 3563 510 3618 ulter
524 3562 574 3620 tho
592 3565 704 3633 coming
715 3563 749 3619 os
762 3563 865 3631 Christ,
879 3583 921 3623 νο
932 3566 1004 3623 hero
1015 3567 1076 3624 eleo
1089 3569 1207 3642 prorsd,

86 3668 122 3707 ee
138 3651 152 3706 1
165 3653 307 3713 conscire,
322 3650 384 3705 thot
400 3667 457 3705 wnr
474 3667 539 3722 moy
555 3650 592 3706 ho
607 3650 689 3704 medo
702 3650 835 3723 lnwtully,
847 3653 893 3706 tor
903 3653 1032 3727 example
1046 3656 1157 3727 eguinst
1167 3672 1206 3711 en

86 3739 191 3796 med
206 3738 359 3794 multitudo
376 3737 410 3792 ol
428 3737 584 3793 orildcers:
604 3735 666 3792 who
687 3746 763 3792 must
778 3736 815 3792 bo
828 3753 977 3795 osoroome
991 3742 1021 3795 in
1035 3739 1127 3798 bettio
1141 3741 1207 3798 thet

87 3827 161 3898 they
175 3842 241 3899 mey
255 3825 293 3882 bc
309 3823 387 3882 deols
407 3824 475 3879 with
491 3824 527 3896 by
538 3824 671 3894 justice&
710 3824 733 3878 F
734 3841 767 3878 or
782 3824 831 3879 tho
846 3841 941 3897 power
954 3825 1011 3882 eud
1024 3825 1073 3883 the
1084 3828 1207 3886 nonum

86 3915 125 3970 ol
136 3914 187 3968 the
197 3913 345 3973 crildoors,
365 3911 473 3983 though
486 3913 508 3966 it
521 3928 585 3983 moy
596 3912 669 3966 hnrc
681 3912 718 3966 its
736 3910 837 3983 weiglst
850 3913 880 3966 in
891 3911 1053 3985 prudoutinl
1064 3914 1206 3974 duliben-

86 4002 162 4062 tion,
175 4001 243 4056 does
255 4011 306 4056 not
317 4000 401 4056 client
417 3999 466 4053 rho
481 3998 657 4070 questiones
667 3997 742 4052 vehet
756 3998 780 4053 is
794 3997 878 4069 right

148 4093 182 4142 ls
212 4085 276 4155 (11)
297 4089 342 4143 An
364 4085 496 4143 eleronrh
513 4097 664 4156 argument
678 4086 711 4150 is,
724 4084 786 4140 thet
798 4085 828 4139 in
840 4084 889 4140 the
900 4085 1076 4156 llereletlon,
1090 4106 1162 4147 nn
1172 4089 1207 4146 of

133 4235 147 4260 ⁰
165 4232 216 4283 We
231 4248 285 4297 ω]
300 4234 412 4282 horreres
422 4233 518 4280 remerlt
535 4234 589 4280 thet
600 4237 627 4279 tc
637 4237 701 4278 treet
715 4229 757 4277 the
769 4244 837 4291 ιω]
850 4229 878 4276 ol
890 4244 921 4276 en
937 4245 1023 4295 enemy
1035 4248 1063 4281 es
1075 4248 1091 4283 e
1103 4235 1168 4297 body
1178 4236 1209 4284 od

84 4310 491 4369 numerauimus«
502 4308 530 4355 ol
541 4322 599 4363 wer,
610 4321 656 4354 nor
666 4321 792 4367 oecessnry
802 4312 829 4354 1ο
840 4306 872 4352 lte
880 4306 1048 4367 jussionum.
1079 4307 1144 4356 Wer
1157 4311 1205 4359 be

83 4385 484 4441 relstlonbetsreeutwostsleef
499 4383 1209 4447 andrsempprsotutiegmsummmgeesr

82 4478 101 4513 e
112 4466 191 4513 cute
211 4465 259 4513 dee
268 4464 388 4513 meum
397 4461 563 4524 ej‘dlomh'o,
573 4462 628 4511 115.
