<?xml version="1.0" encoding="UTF-8"?>
<!DOCTYPE html PUBLIC "-//W3C//DTD XHTML 1.0 Transitional//EN"
    "http://www.w3.org/TR/xhtml1/DTD/xhtml1-transitional.dtd">
<html xmlns="http://www.w3.org/1999/xhtml" xml:lang="en" lang="en">
 <head>
  <title>
</title>
<meta http-equiv="Content-Type" content="text/html;charset=utf-8" />
  <meta name='ocr-system' content='tesseract 3.04.00' />
  <meta name='ocr-capabilities' content='ocr_page ocr_carea ocr_par ocr_line ocrx_word'/>
</head>
<body>
  <div class='ocr_page' id='page_1' title='image "./hugonisgrotiide04barbgoog/hugonisgrotiide04barbgoog_0309.png"; bbox 0 0 2774 4854; ppageno 0'>
   <div class='ocr_carea' id='block_1_1' title="bbox 214 207 1329 293">
    <p class='ocr_par' dir='ltr' id='par_1_1' title="bbox 214 207 1329 293">
     <span class='ocr_line' id='line_1_1' title="bbox 214 207 1329 293; baseline 0.007 -22"><span class='ocrx_word' id='word_1_1' title='bbox 214 207 279 271; x_wconf 77' lang='lat'><strong>222</strong></span> <span class='ocrx_word' id='word_1_2' title='bbox 466 216 519 273; x_wconf 80' lang='lat' dir='ltr'><strong>DE</strong></span> <span class='ocrx_word' id='word_1_3' title='bbox 542 216 657 272; x_wconf 76' lang='lat' dir='ltr'><strong>nunu</strong></span> <span class='ocrx_word' id='word_1_4' title='bbox 679 214 825 281; x_wconf 65' lang='lat' dir='ltr'><strong>cumn,</strong></span> <span class='ocrx_word' id='word_1_5' title='bbox 846 215 898 271; x_wconf 83' lang='grc' dir='ltr'><strong>ΕΤ</strong></span> <span class='ocrx_word' id='word_1_6' title='bbox 918 215 1078 275; x_wconf 77' lang='lat' dir='ltr'>PRIMUM</span> <span class='ocrx_word' id='word_1_7' title='bbox 1203 215 1329 293; x_wconf 71' lang='lat' dir='ltr'><strong>[nult</strong></span> 
     </span>
    </p>
   </div>
   <div class='ocr_carea' id='block_1_2' title="bbox 207 381 1327 2162">
    <p class='ocr_par' dir='ltr' id='par_1_2' title="bbox 212 381 1327 750">
     <span class='ocr_line' id='line_1_2' title="bbox 214 381 1327 475; baseline 0.006 -27"><span class='ocrx_word' id='word_1_8' title='bbox 214 381 338 470; x_wconf 87' lang='lat' dir='ltr'><strong>eiplina,</strong></span> <span class='ocrx_word' id='word_1_9' title='bbox 365 389 398 451; x_wconf 90' lang='lat' dir='ltr'><strong>et</strong></span> <span class='ocrx_word' id='word_1_10' title='bbox 420 384 569 472; x_wconf 82' lang='lat' dir='ltr'><strong>paulatim</strong></span> <span class='ocrx_word' id='word_1_11' title='bbox 597 382 818 473; x_wconf 80' lang='lat' dir='ltr'><strong>interpretatio</strong></span> <span class='ocrx_word' id='word_1_12' title='bbox 839 382 918 472; x_wconf 83' lang='lat' dir='ltr'><strong>legis</strong></span> <span class='ocrx_word' id='word_1_13' title='bbox 941 384 1144 473; x_wconf 78' lang='lat' dir='ltr'><strong>Euangelieao</strong></span> <span class='ocrx_word' id='word_1_14' title='bbox 1167 388 1271 475; x_wconf 87' lang='lat' dir='ltr'><strong>coepit</strong></span> <span class='ocrx_word' id='word_1_15' title='bbox 1287 388 1327 455; x_wconf 88' lang='lat' dir='ltr'><strong>nd</strong></span> 
     </span>
     <span class='ocr_line' id='line_1_3' title="bbox 213 481 1327 552; baseline 0.004 -5"><span class='ocrx_word' id='word_1_16' title='bbox 213 481 319 548; x_wconf 73' lang='lat' dir='ltr'><strong>saculi</strong></span> <span class='ocrx_word' id='word_1_17' title='bbox 340 505 442 549; x_wconf 83' lang='lat' dir='ltr'><strong>mores</strong></span> <span class='ocrx_word' id='word_1_18' title='bbox 458 486 692 551; x_wconf 86' lang='lat' dir='ltr'><strong>accommodari.</strong></span> <span class='ocrx_word' id='word_1_19' title='bbox 741 484 826 552; x_wconf 86' lang='lat' dir='ltr'><strong>Olim</strong></span> <span class='ocrx_word' id='word_1_20' title='bbox 848 483 882 549; x_wconf 93' lang='lat' dir='ltr'><strong>in</strong></span> <span class='ocrx_word' id='word_1_21' title='bbox 904 481 1024 549; x_wconf 81' lang='lat' dir='ltr'><strong>clericis</strong></span> <span class='ocrx_word' id='word_1_22' title='bbox 1046 484 1180 550; x_wconf 87' lang='lat' dir='ltr'><strong>retineri</strong></span> <span class='ocrx_word' id='word_1_23' title='bbox 1203 487 1327 552; x_wconf 80' lang='lat' dir='ltr'><strong>nolebat</strong></span> 
     </span>
     <span class='ocr_line' id='line_1_4' title="bbox 212 580 1326 668; baseline 0.002 -20"><span class='ocrx_word' id='word_1_24' title='bbox 212 580 316 648; x_wconf 79' lang='lat' dir='ltr'><strong>forma</strong></span> <span class='ocrx_word' id='word_1_25' title='bbox 338 584 454 650; x_wconf 80' lang='lat' dir='ltr'><strong>veteris</strong></span> <span class='ocrx_word' id='word_1_26' title='bbox 479 583 633 651; x_wconf 81' lang='lat' dir='ltr'><strong>instituti:</strong></span> <span class='ocrx_word' id='word_1_27' title='bbox 659 586 787 652; x_wconf 87' lang='lat' dir='ltr'><strong>tandem</strong></span> <span class='ocrx_word' id='word_1_28' title='bbox 813 582 861 649; x_wconf 85' lang='lat' dir='ltr'><strong>his</strong></span> <span class='ocrx_word' id='word_1_29' title='bbox 884 603 1009 668; x_wconf 88' lang='lat' dir='ltr'><strong>quoquo</strong></span> <span class='ocrx_word' id='word_1_30' title='bbox 1031 582 1163 650; x_wconf 75' lang='lat' dir='ltr'><strong>remissa</strong></span> <span class='ocrx_word' id='word_1_31' title='bbox 1189 593 1242 652; x_wconf 80' lang='lat' dir='ltr'><strong>est</strong></span> <span class='ocrx_word' id='word_1_32' title='bbox 1266 585 1326 651; x_wconf 88' lang='lat' dir='ltr'><strong>hoe</strong></span> 
     </span>
     <span class='ocr_line' id='line_1_5' title="bbox 212 680 882 750; baseline 0.003 -3"><span class='ocrx_word' id='word_1_33' title='bbox 212 680 337 749; x_wconf 87' lang='lat' dir='ltr'><strong>nomine</strong></span> <span class='ocrx_word' id='word_1_34' title='bbox 354 705 492 750; x_wconf 81' lang='lat' dir='ltr'><strong>censura</strong></span> <span class='ocrx_word' id='word_1_35' title='bbox 880 695 882 697; x_wconf 81' lang='grc'><strong>’</strong></span> 
     </span>
    </p>

    <p class='ocr_par' dir='ltr' id='par_1_3' title="bbox 207 777 1322 2162">
     <span class='ocr_line' id='line_1_6' title="bbox 288 777 1322 862; baseline -0.004 -14"><span class='ocrx_word' id='word_1_36' title='bbox 288 783 379 850; x_wconf 86' lang='lat' dir='ltr'>XIV.</span> <span class='ocrx_word' id='word_1_37' title='bbox 433 782 638 862; x_wconf 83' lang='lat' dir='ltr'><strong>Quoeritura</strong></span> <span class='ocrx_word' id='word_1_38' title='bbox 664 783 829 860; x_wconf 79' lang='lat' dir='ltr'><strong>nonnullis,</strong></span> <span class='ocrx_word' id='word_1_39' title='bbox 852 802 894 848; x_wconf 86' lang='lat' dir='ltr'><strong>an</strong></span> <span class='ocrx_word' id='word_1_40' title='bbox 915 800 978 846; x_wconf 90' lang='lat' dir='ltr'><strong>non</strong></span> <span class='ocrx_word' id='word_1_41' title='bbox 1001 780 1053 845; x_wconf 87' lang='lat' dir='ltr'><strong>lox</strong></span> <span class='ocrx_word' id='word_1_42' title='bbox 1075 778 1192 845; x_wconf 74' lang='lat' dir='ltr'><strong>saltem</strong></span> <span class='ocrx_word' id='word_1_43' title='bbox 1216 777 1322 857; x_wconf 78' lang='lat' dir='ltr'><strong>civilis,</strong></span> 
     </span>
     <span class='ocr_line' id='line_1_7' title="bbox 212 878 1322 970; baseline -0.002 -22"><span class='ocrx_word' id='word_1_44' title='bbox 212 880 313 967; x_wconf 76' lang='lat' dir='ltr'><strong>nujus</strong></span> <span class='ocrx_word' id='word_1_45' title='bbox 329 882 449 949; x_wconf 77' lang='lat' dir='ltr'><strong>babone</strong></span> <span class='ocrx_word' id='word_1_46' title='bbox 466 882 541 948; x_wconf 79' lang='lat' dir='ltr'><strong>vitm</strong></span> <span class='ocrx_word' id='word_1_47' title='bbox 556 904 593 947; x_wconf 86' lang='lat' dir='ltr'><strong>ao</strong></span> <span class='ocrx_word' id='word_1_48' title='bbox 607 883 702 960; x_wconf 81' lang='lat' dir='ltr'><strong>neeis,</strong></span> <span class='ocrx_word' id='word_1_49' title='bbox 719 885 819 970; x_wconf 84' lang='lat' dir='ltr'><strong>siquo</strong></span> <span class='ocrx_word' id='word_1_50' title='bbox 831 903 906 948; x_wconf 84' lang='lat' dir='ltr'><strong>casu</strong></span> <span class='ocrx_word' id='word_1_51' title='bbox 922 879 1085 967; x_wconf 82' lang='lat' dir='ltr'><strong>permittat</strong></span> <span class='ocrx_word' id='word_1_52' title='bbox 1101 878 1209 945; x_wconf 80' lang='lat' dir='ltr'><strong>furem</strong></span> <span class='ocrx_word' id='word_1_53' title='bbox 1227 878 1322 946; x_wconf 86' lang='lat' dir='ltr'><strong>inter·</strong></span> 
     </span>
     <span class='ocr_line' id='line_1_8' title="bbox 211 971 1321 1071; baseline -0.001 -24"><span class='ocrx_word' id='word_1_54' title='bbox 211 979 261 1047; x_wconf 78' lang='lat' dir='ltr'><strong>fici</strong></span> <span class='ocrx_word' id='word_1_55' title='bbox 281 981 452 1068; x_wconf 69' lang='lat' dir='ltr'><strong>aprirato</strong></span> <span class='ocrx_word' id='word_1_56' title='bbox 478 979 570 1046; x_wconf 81' lang='lat' dir='ltr'><strong>simul</strong></span> <span class='ocrx_word' id='word_1_57' title='bbox 592 983 686 1048; x_wconf 83' lang='lat' dir='ltr'><strong>otiam</strong></span> <span class='ocrx_word' id='word_1_58' title='bbox 710 993 850 1071; x_wconf 74' lang='lat' dir='ltr'><strong>praestet,</strong></span> <span class='ocrx_word' id='word_1_59' title='bbox 876 989 913 1046; x_wconf 90' lang='lat' dir='ltr'><strong>ut</strong></span> <span class='ocrx_word' id='word_1_60' title='bbox 932 980 966 1046; x_wconf 94' lang='lat' dir='ltr'><strong>id</strong></span> <span class='ocrx_word' id='word_1_61' title='bbox 988 971 1028 1045; x_wconf 79' lang='lat' dir='ltr'><strong>ab</strong></span> <span class='ocrx_word' id='word_1_62' title='bbox 1052 978 1138 1045; x_wconf 89' lang='lat' dir='ltr'><strong>omni</strong></span> <span class='ocrx_word' id='word_1_63' title='bbox 1163 979 1264 1067; x_wconf 79' lang='lat' dir='ltr'><strong>culpa</strong></span> <span class='ocrx_word' id='word_1_64' title='bbox 1281 979 1321 1046; x_wconf 76' lang='lat' dir='ltr'><strong>ait</strong></span> 
     </span>
     <span class='ocr_line' id='line_1_9' title="bbox 210 1078 1319 1166; baseline 0.001 -22"><span class='ocrx_word' id='word_1_65' title='bbox 210 1079 352 1146; x_wconf 86' lang='lat' dir='ltr'><strong>liberum.</strong></span> <span class='ocrx_word' id='word_1_66' title='bbox 399 1079 530 1146; x_wconf 85' lang='lat' dir='ltr'><strong>Minime</strong></span> <span class='ocrx_word' id='word_1_67' title='bbox 553 1103 628 1147; x_wconf 82' lang='lat' dir='ltr'><strong>vero</strong></span> <span class='ocrx_word' id='word_1_68' title='bbox 648 1083 680 1148; x_wconf 93' lang='lat' dir='ltr'><strong>id</strong></span> <span class='ocrx_word' id='word_1_69' title='bbox 700 1080 931 1149; x_wconf 84' lang='lat' dir='ltr'><strong>concedendum</strong></span> <span class='ocrx_word' id='word_1_70' title='bbox 952 1079 1099 1146; x_wconf 76' lang='lat' dir='ltr'><strong>arbitror.</strong></span> <span class='ocrx_word' id='word_1_71' title='bbox 1152 1080 1240 1145; x_wconf 84' lang='lat' dir='ltr'><strong>Nam</strong></span> <span class='ocrx_word' id='word_1_72' title='bbox 1259 1078 1319 1166; x_wconf 91' lang='lat' dir='ltr'><strong>pri-</strong></span> 
     </span>
     <span class='ocr_line' id='line_1_10' title="bbox 210 1177 1316 1266; baseline 0.001 -22"><span class='ocrx_word' id='word_1_73' title='bbox 210 1200 296 1246; x_wconf 89' lang='lat' dir='ltr'><strong>mum</strong></span> <span class='ocrx_word' id='word_1_74' title='bbox 312 1178 364 1246; x_wconf 88' lang='lat' dir='ltr'><strong>lex</strong></span> <span class='ocrx_word' id='word_1_75' title='bbox 376 1179 429 1266; x_wconf 86' lang='lat' dir='ltr'><strong>jus</strong></span> <span class='ocrx_word' id='word_1_76' title='bbox 445 1179 530 1246; x_wconf 84' lang='lat' dir='ltr'><strong>necis</strong></span> <span class='ocrx_word' id='word_1_77' title='bbox 546 1202 608 1246; x_wconf 93' lang='lat' dir='ltr'><strong>non</strong></span> <span class='ocrx_word' id='word_1_78' title='bbox 623 1181 719 1248; x_wconf 83' lang='lat' dir='ltr'><strong>habet</strong></span> <span class='ocrx_word' id='word_1_79' title='bbox 734 1181 768 1246; x_wconf 94' lang='lat' dir='ltr'><strong>in</strong></span> <span class='ocrx_word' id='word_1_80' title='bbox 785 1202 892 1247; x_wconf 79' lang='lat' dir='ltr'><strong>omnes</strong></span> <span class='ocrx_word' id='word_1_81' title='bbox 908 1179 991 1245; x_wconf 76' lang='lat' dir='ltr'><strong>eires</strong></span> <span class='ocrx_word' id='word_1_82' title='bbox 1006 1200 1047 1244; x_wconf 78' lang='lat' dir='ltr'><strong>ex</strong></span> <span class='ocrx_word' id='word_1_83' title='bbox 1063 1177 1179 1265; x_wconf 82' lang='lat' dir='ltr'><strong>quovis</strong></span> <span class='ocrx_word' id='word_1_84' title='bbox 1195 1179 1316 1256; x_wconf 82' lang='lat' dir='ltr'><strong>delicto,</strong></span> 
     </span>
     <span class='ocr_line' id='line_1_11' title="bbox 211 1278 1318 1370; baseline -0.001 -25"><span class='ocrx_word' id='word_1_85' title='bbox 211 1278 267 1345; x_wconf 75' lang='lat' dir='ltr'><strong>sed</strong></span> <span class='ocrx_word' id='word_1_86' title='bbox 283 1279 407 1345; x_wconf 85' lang='lat' dir='ltr'><strong>demum</strong></span> <span class='ocrx_word' id='word_1_87' title='bbox 426 1301 466 1345; x_wconf 83' lang='lat' dir='ltr'><strong>ex</strong></span> <span class='ocrx_word' id='word_1_88' title='bbox 483 1279 596 1346; x_wconf 86' lang='lat' dir='ltr'><strong>delicto</strong></span> <span class='ocrx_word' id='word_1_89' title='bbox 613 1290 678 1346; x_wconf 82' lang='lat' dir='ltr'><strong>turn</strong></span> <span class='ocrx_word' id='word_1_90' title='bbox 695 1281 796 1370; x_wconf 78' lang='lat' dir='ltr'><strong>graui,</strong></span> <span class='ocrx_word' id='word_1_91' title='bbox 822 1291 859 1346; x_wconf 87' lang='lat' dir='ltr'><strong>ut</strong></span> <span class='ocrx_word' id='word_1_92' title='bbox 880 1289 1011 1344; x_wconf 87' lang='lat' dir='ltr'><strong>mortem</strong></span> <span class='ocrx_word' id='word_1_93' title='bbox 1034 1287 1209 1344; x_wconf 81' lang='lat' dir='ltr'><strong>merentur.</strong></span> <span class='ocrx_word' id='word_1_94' title='bbox 1262 1280 1318 1344; x_wconf 81' lang='lat' dir='ltr'><strong>Est</strong></span> 
     </span>
     <span class='ocr_line' id='line_1_12' title="bbox 210 1377 1317 1467; baseline -0.002 -23"><span class='ocrx_word' id='word_1_95' title='bbox 210 1387 315 1445; x_wconf 76' lang='lat' dir='ltr'><strong>nutem</strong></span> <span class='ocrx_word' id='word_1_96' title='bbox 345 1379 437 1446; x_wconf 80' lang='lat' dir='ltr'><strong>raldo</strong></span> <span class='ocrx_word' id='word_1_97' title='bbox 464 1379 632 1467; x_wconf 85' lang='lat' dir='ltr'><strong>probabilis</strong></span> <span class='ocrx_word' id='word_1_98' title='bbox 657 1379 743 1446; x_wconf 88' lang='lat' dir='ltr'><strong>Senti</strong></span> <span class='ocrx_word' id='word_1_99' title='bbox 767 1380 933 1455; x_wconf 82' lang='lat' dir='ltr'><strong>sententia,</strong></span> <span class='ocrx_word' id='word_1_100' title='bbox 960 1377 1007 1442; x_wconf 77' lang='lat' dir='ltr'><strong>sas</strong></span> <span class='ocrx_word' id='word_1_101' title='bbox 1028 1397 1092 1441; x_wconf 94' lang='lat' dir='ltr'><strong>non</strong></span> <span class='ocrx_word' id='word_1_102' title='bbox 1118 1397 1191 1442; x_wconf 79' lang='lat' dir='ltr'><strong>esso</strong></span> <span class='ocrx_word' id='word_1_103' title='bbox 1212 1399 1317 1463; x_wconf 83' lang='lat' dir='ltr'><strong>quem-</strong></span> 
     </span>
     <span class='ocr_line' id='line_1_13' title="bbox 210 1474 1317 1564; baseline -0.002 -21"><span class='ocrx_word' id='word_1_104' title='bbox 210 1499 303 1564; x_wconf 84' lang='lat' dir='ltr'><strong>quam</strong></span> <span class='ocrx_word' id='word_1_105' title='bbox 332 1477 373 1544; x_wconf 92' lang='lat' dir='ltr'><strong>ad</strong></span> <span class='ocrx_word' id='word_1_106' title='bbox 401 1489 534 1544; x_wconf 88' lang='lat' dir='ltr'><strong>mortem</strong></span> <span class='ocrx_word' id='word_1_107' title='bbox 563 1479 724 1560; x_wconf 86' lang='lat' dir='ltr'><strong>damnare,</strong></span> <span class='ocrx_word' id='word_1_108' title='bbox 755 1479 834 1544; x_wconf 69' lang='lat' dir='ltr'><strong>ynisi</strong></span> <span class='ocrx_word' id='word_1_109' title='bbox 859 1479 900 1544; x_wconf 90' lang='lat' dir='ltr'><strong>ob</strong></span> <span class='ocrx_word' id='word_1_110' title='bbox 927 1476 1050 1551; x_wconf 81' lang='lat' dir='ltr'><strong>delicta,</strong></span> <span class='ocrx_word' id='word_1_111' title='bbox 1075 1496 1150 1562; x_wconf 78' lang='lat' dir='ltr'><strong>qum</strong></span> <span class='ocrx_word' id='word_1_112' title='bbox 1178 1474 1233 1541; x_wconf 88' lang='lat' dir='ltr'><strong>lex</strong></span> <span class='ocrx_word' id='word_1_113' title='bbox 1262 1496 1317 1564; x_wconf 80' lang='lat' dir='ltr'><strong>per</strong></span> 
     </span>
     <span class='ocr_line' id='line_1_14' title="bbox 209 1575 1316 1665; baseline 0 -23"><span class='ocrx_word' id='word_1_114' title='bbox 209 1577 332 1643; x_wconf 87' lang='lat' dir='ltr'><strong>Mosem</strong></span> <span class='ocrx_word' id='word_1_115' title='bbox 349 1577 426 1643; x_wconf 85' lang='lat' dir='ltr'><strong>data</strong></span> <span class='ocrx_word' id='word_1_116' title='bbox 442 1586 543 1643; x_wconf 85' lang='lat' dir='ltr'><strong>morto</strong></span> <span class='ocrx_word' id='word_1_117' title='bbox 561 1579 691 1665; x_wconf 76' lang='lat' dir='ltr'><strong>punivit,</strong></span> <span class='ocrx_word' id='word_1_118' title='bbox 707 1577 816 1646; x_wconf 88' lang='lat' dir='ltr'><strong>addito</strong></span> <span class='ocrx_word' id='word_1_119' title='bbox 834 1577 997 1651; x_wconf 79' lang='lat' dir='ltr'><strong>duntaxat,</strong></span> <span class='ocrx_word' id='word_1_120' title='bbox 1018 1583 1074 1640; x_wconf 87' lang='lat' dir='ltr'><strong>aut</strong></span> <span class='ocrx_word' id='word_1_121' title='bbox 1090 1597 1166 1662; x_wconf 86' lang='lat' dir='ltr'><strong>qnae</strong></span> <span class='ocrx_word' id='word_1_122' title='bbox 1182 1575 1234 1642; x_wconf 83' lang='lat' dir='ltr'><strong>his</strong></span> <span class='ocrx_word' id='word_1_123' title='bbox 1247 1582 1316 1642; x_wconf 80' lang='lat' dir='ltr'><strong>aunt</strong></span> 
     </span>
     <span class='ocr_line' id='line_1_15' title="bbox 209 1673 1315 1764; baseline -0.001 -22"><span class='ocrx_word' id='word_1_124' title='bbox 209 1675 301 1764; x_wconf 79' lang='lat' dir='ltr'><strong>paria</strong></span> <span class='ocrx_word' id='word_1_125' title='bbox 316 1684 405 1742; x_wconf 83' lang='lat' dir='ltr'><strong>reeta</strong></span> <span class='ocrx_word' id='word_1_126' title='bbox 421 1675 635 1743; x_wconf 81' lang='lat' dir='ltr'><strong>aestimatione.</strong></span> <span class='ocrx_word' id='word_1_127' title='bbox 686 1679 798 1763; x_wconf 80' lang='lat' dir='ltr'><strong>Neque</strong></span> <span class='ocrx_word' id='word_1_128' title='bbox 816 1676 898 1742; x_wconf 87' lang='lat' dir='ltr'><strong>enim</strong></span> <span class='ocrx_word' id='word_1_129' title='bbox 920 1675 1046 1741; x_wconf 80' lang='lat' dir='ltr'><strong>ridetur</strong></span> <span class='ocrx_word' id='word_1_130' title='bbox 1067 1673 1184 1740; x_wconf 80' lang='lat' dir='ltr'><strong>notitia</strong></span> <span class='ocrx_word' id='word_1_131' title='bbox 1205 1674 1315 1741; x_wconf 77' lang='lat' dir='ltr'><strong>divina</strong></span> 
     </span>
     <span class='ocr_line' id='line_1_16' title="bbox 209 1773 1316 1862; baseline -0.002 -19"><span class='ocrx_word' id='word_1_132' title='bbox 209 1775 391 1854; x_wconf 82' lang='lat' dir='ltr'><strong>voluntatis,</strong></span> <span class='ocrx_word' id='word_1_133' title='bbox 415 1797 487 1862; x_wconf 81' lang='lat' dir='ltr'><strong>qum</strong></span> <span class='ocrx_word' id='word_1_134' title='bbox 508 1776 574 1842; x_wconf 85' lang='lat' dir='ltr'><strong>sola</strong></span> <span class='ocrx_word' id='word_1_135' title='bbox 590 1777 727 1842; x_wconf 89' lang='lat' dir='ltr'><strong>animum</strong></span> <span class='ocrx_word' id='word_1_136' title='bbox 744 1774 939 1862; x_wconf 86' lang='lat' dir='ltr'><strong>tranquillat,</strong></span> <span class='ocrx_word' id='word_1_137' title='bbox 965 1773 1092 1839; x_wconf 82' lang='lat' dir='ltr'><strong>aliunde</strong></span> <span class='ocrx_word' id='word_1_138' title='bbox 1116 1773 1153 1840; x_wconf 91' lang='lat' dir='ltr'><strong>in</strong></span> <span class='ocrx_word' id='word_1_139' title='bbox 1179 1774 1243 1841; x_wconf 90' lang='lat' dir='ltr'><strong>hoo</strong></span> <span class='ocrx_word' id='word_1_140' title='bbox 1266 1796 1316 1841; x_wconf 85' lang='lat' dir='ltr'><strong>no·</strong></span> 
     </span>
     <span class='ocr_line' id='line_1_17' title="bbox 208 1873 1317 1964; baseline 0 -23"><span class='ocrx_word' id='word_1_141' title='bbox 208 1875 296 1964; x_wconf 86' lang='lat' dir='ltr'><strong>gotio</strong></span> <span class='ocrx_word' id='word_1_142' title='bbox 321 1884 387 1943; x_wconf 77' lang='lat' dir='ltr'><strong>tarn</strong></span> <span class='ocrx_word' id='word_1_143' title='bbox 404 1875 495 1964; x_wconf 76' lang='lat' dir='ltr'><strong>gravi</strong></span> <span class='ocrx_word' id='word_1_144' title='bbox 512 1875 623 1941; x_wconf 85' lang='lat' dir='ltr'><strong>haberi</strong></span> <span class='ocrx_word' id='word_1_145' title='bbox 639 1897 740 1963; x_wconf 82' lang='lat' dir='ltr'><strong>posse,</strong></span> <span class='ocrx_word' id='word_1_146' title='bbox 767 1896 861 1962; x_wconf 85' lang='lat' dir='ltr'><strong>quam</strong></span> <span class='ocrx_word' id='word_1_147' title='bbox 889 1896 929 1940; x_wconf 89' lang='lat' dir='ltr'><strong>ex</strong></span> <span class='ocrx_word' id='word_1_148' title='bbox 953 1873 1007 1938; x_wconf 88' lang='lat' dir='ltr'><strong>illn</strong></span> <span class='ocrx_word' id='word_1_149' title='bbox 1028 1873 1109 1962; x_wconf 85' lang='lat' dir='ltr'><strong>lege,</strong></span> <span class='ocrx_word' id='word_1_150' title='bbox 1135 1894 1211 1960; x_wconf 77' lang='lat' dir='ltr'><strong>quae</strong></span> <span class='ocrx_word' id='word_1_151' title='bbox 1234 1882 1317 1941; x_wconf 76' lang='lat' dir='ltr'><strong>eoru</strong></span> 
     </span>
     <span class='ocr_line' id='line_1_18' title="bbox 208 1973 1316 2063; baseline 0 -23"><span class='ocrx_word' id='word_1_152' title='bbox 208 1975 319 2044; x_wconf 76' lang='lat' dir='ltr'><strong>mortis</strong></span> <span class='ocrx_word' id='word_1_153' title='bbox 340 1997 463 2063; x_wconf 85' lang='lat' dir='ltr'><strong>poenam</strong></span> <span class='ocrx_word' id='word_1_154' title='bbox 489 1974 523 2041; x_wconf 92' lang='lat' dir='ltr'><strong>in</strong></span> <span class='ocrx_word' id='word_1_155' title='bbox 543 1974 646 2040; x_wconf 85' lang='lat' dir='ltr'><strong>iurem</strong></span> <span class='ocrx_word' id='word_1_156' title='bbox 667 1997 730 2040; x_wconf 94' lang='lat' dir='ltr'><strong>non</strong></span> <span class='ocrx_word' id='word_1_157' title='bbox 750 1973 919 2041; x_wconf 85' lang='lat' dir='ltr'><strong>constituit.</strong></span> <span class='ocrx_word' id='word_1_158' title='bbox 972 1973 1136 2038; x_wconf 78' lang='lat' dir='ltr'><strong>Praeterea</strong></span> <span class='ocrx_word' id='word_1_159' title='bbox 1161 1995 1242 2041; x_wconf 79' lang='lat' dir='ltr'><strong>vero</strong></span> <span class='ocrx_word' id='word_1_160' title='bbox 1268 1974 1316 2040; x_wconf 85' lang='lat' dir='ltr'><strong>lox</strong></span> 
     </span>
     <span class='ocr_line' id='line_1_19' title="bbox 207 2071 1317 2162; baseline 0.001 -23"><span class='ocrx_word' id='word_1_161' title='bbox 207 2094 266 2141; x_wconf 86' lang='lat' dir='ltr'><strong>nee</strong></span> <span class='ocrx_word' id='word_1_162' title='bbox 283 2074 387 2158; x_wconf 76' lang='lat' dir='ltr'><strong>debet,</strong></span> <span class='ocrx_word' id='word_1_163' title='bbox 412 2096 471 2140; x_wconf 88' lang='lat' dir='ltr'><strong>nee</strong></span> <span class='ocrx_word' id='word_1_164' title='bbox 493 2073 574 2142; x_wconf 79' lang='lat' dir='ltr'><strong>solet</strong></span> <span class='ocrx_word' id='word_1_165' title='bbox 589 2073 642 2162; x_wconf 81' lang='lat' dir='ltr'><strong>jus</strong></span> <span class='ocrx_word' id='word_1_166' title='bbox 659 2074 748 2152; x_wconf 84' lang='lat' dir='ltr'><strong>dara,</strong></span> <span class='ocrx_word' id='word_1_167' title='bbox 775 2073 870 2140; x_wconf 85' lang='lat' dir='ltr'><strong>etiam</strong></span> <span class='ocrx_word' id='word_1_168' title='bbox 893 2094 957 2149; x_wconf 82' lang='lat' dir='ltr'><strong>eos,</strong></span> <span class='ocrx_word' id='word_1_169' title='bbox 983 2071 1038 2158; x_wconf 89' lang='lat' dir='ltr'><strong>qui</strong></span> <span class='ocrx_word' id='word_1_170' title='bbox 1060 2080 1199 2140; x_wconf 79' lang='lat' dir='ltr'><strong>mortem</strong></span> <span class='ocrx_word' id='word_1_171' title='bbox 1216 2095 1317 2140; x_wconf 83' lang='lat' dir='ltr'><strong>mern·</strong></span> 
     </span>
    </p>
   </div>
   <div class='ocr_carea' id='block_1_3' title="bbox 199 2251 1319 2467">
    <p class='ocr_par' dir='ltr' id='par_1_4' title="bbox 199 2251 1319 2467">
     <span class='ocr_line' id='line_1_20' title="bbox 206 2251 1317 2314; baseline 0.002 -14"><span class='ocrx_word' id='word_1_172' title='bbox 206 2251 277 2313; x_wconf 83' lang='lat' dir='ltr'><strong>eoepit</strong></span> <span class='ocrx_word' id='word_1_173' title='bbox 294 2251 381 2299; x_wconf 77' lang='lat' dir='ltr'><strong>habere</strong></span> <span class='ocrx_word' id='word_1_174' title='bbox 404 2251 557 2300; x_wconf 72' lang='lat' dir='ltr'><strong>Christianos</strong></span> <span class='ocrx_word' id='word_1_175' title='bbox 575 2253 738 2314; x_wconf 65' lang='lat' dir='ltr'><strong>magistratui,</strong></span> <span class='ocrx_word' id='word_1_176' title='bbox 789 2251 934 2310; x_wconf 79' lang='lat' dir='ltr'><strong>Gregorinm</strong></span> <span class='ocrx_word' id='word_1_177' title='bbox 947 2251 1112 2299; x_wconf 80' lang='lat' dir='ltr'><strong>Turonensem</strong></span> <span class='ocrx_word' id='word_1_178' title='bbox 1128 2252 1194 2300; x_wconf 89' lang='lat' dir='ltr'><strong>libro</strong></span> <span class='ocrx_word' id='word_1_179' title='bbox 1209 2268 1236 2302; x_wconf 83' lang='lat' dir='ltr'><strong>x.</strong></span> <span class='ocrx_word' id='word_1_180' title='bbox 1251 2268 1273 2301; x_wconf 84' lang='lat' dir='ltr'><strong>e.</strong></span> <span class='ocrx_word' id='word_1_181' title='bbox 1283 2257 1317 2302; x_wconf 82' lang='lat' dir='ltr'><strong>ld.</strong></span> 
     </span>
     <span class='ocr_line' id='line_1_21' title="bbox 199 2323 1319 2385; baseline 0.007 -15"><span class='ocrx_word' id='word_1_182' title='bbox 199 2323 739 2385; x_wconf 72' lang='lat' dir='ltr'><strong>sacrmquidemoptburmajor‚redeirra·</strong></span> <span class='ocrx_word' id='word_1_183' title='bbox 787 2325 926 2373; x_wconf 78' lang='lat' dir='ltr'><strong>Johnnnern</strong></span> <span class='ocrx_word' id='word_1_184' title='bbox 954 2327 1153 2375; x_wconf 70' lang='lat' dir='ltr'><strong>sarisberiensem</strong></span> <span class='ocrx_word' id='word_1_185' title='bbox 1174 2329 1319 2378; x_wconf 63' lang='lat' dir='ltr'><strong>Portenta</strong></span> 
     </span>
     <span class='ocr_line' id='line_1_22' title="bbox 205 2398 1318 2467; baseline 0.008 -23"><span class='ocrx_word' id='word_1_186' title='bbox 205 2398 268 2445; x_wconf 77' lang='lat' dir='ltr'><strong>tibur</strong></span> <span class='ocrx_word' id='word_1_187' title='bbox 284 2399 370 2447; x_wconf 62' lang='lat' dir='ltr'><strong>itiner.</strong></span> <span class='ocrx_word' id='word_1_188' title='bbox 385 2399 466 2458; x_wconf 82' lang='lat' dir='ltr'><strong>(Tom.</strong></span> <span class='ocrx_word' id='word_1_189' title='bbox 484 2412 504 2446; x_wconf 85' lang='lat'><strong>1.</strong></span> <span class='ocrx_word' id='word_1_190' title='bbox 518 2413 577 2461; x_wconf 83' lang='lat' dir='ltr'><strong>pag.</strong></span> <span class='ocrx_word' id='word_1_191' title='bbox 592 2401 638 2446; x_wconf 75' lang='lat'><strong>255</strong></span> <span class='ocrx_word' id='word_1_192' title='bbox 653 2412 679 2446; x_wconf 84' lang='lat' dir='ltr'><strong>n.</strong></span> <span class='ocrx_word' id='word_1_193' title='bbox 696 2399 738 2446; x_wconf 85' lang='lat' dir='ltr'><strong>ubi</strong></span> <span class='ocrx_word' id='word_1_194' title='bbox 787 2401 842 2449; x_wconf 85' lang='lat' dir='ltr'><strong>Lib.</strong></span> <span class='ocrx_word' id='word_1_195' title='bbox 861 2415 878 2448; x_wconf 90' lang='grc' dir='ltr'>ι.</span> <span class='ocrx_word' id='word_1_196' title='bbox 897 2416 949 2463; x_wconf 82' lang='lat' dir='ltr'><strong>cap.</strong></span> <span class='ocrx_word' id='word_1_197' title='bbox 966 2402 998 2448; x_wconf 81' lang='lat' dir='ltr'><strong>iv.</strong></span> <span class='ocrx_word' id='word_1_198' title='bbox 1020 2404 1090 2464; x_wconf 83' lang='lat' dir='ltr'><strong>(pag.</strong></span> <span class='ocrx_word' id='word_1_199' title='bbox 1107 2405 1147 2452; x_wconf 80' lang='lat'><strong>18.</strong></span> <span class='ocrx_word' id='word_1_200' title='bbox 1169 2403 1224 2453; x_wconf 71' lang='lat' dir='ltr'><strong>m</strong></span> <span class='ocrx_word' id='word_1_201' title='bbox 1242 2404 1318 2467; x_wconf 58' lang='lat' dir='ltr'><strong>hqd</strong></span> 
     </span>
    </p>
   </div>
   <div class='ocr_carea' id='block_1_4' title="bbox 206 2472 1319 2608">
    <p class='ocr_par' dir='ltr' id='par_1_5' title="bbox 206 2472 1319 2608">
     <span class='ocr_line' id='line_1_23' title="bbox 206 2472 1319 2543; baseline 0.007 -24"><span class='ocrx_word' id='word_1_202' title='bbox 206 2476 287 2520; x_wconf 83' lang='lat' dir='ltr'><strong>tamon</strong></span> <span class='ocrx_word' id='word_1_203' title='bbox 308 2473 390 2534; x_wconf 85' lang='lat' dir='ltr'><strong>paullo</strong></span> <span class='ocrx_word' id='word_1_204' title='bbox 410 2474 481 2520; x_wconf 83' lang='lat' dir='ltr'><strong>alitor</strong></span> <span class='ocrx_word' id='word_1_205' title='bbox 502 2475 576 2521; x_wconf 81' lang='lat' dir='ltr'><strong>verba</strong></span> <span class='ocrx_word' id='word_1_206' title='bbox 599 2472 738 2534; x_wconf 85' lang='lat' dir='ltr'><strong>leguntur).</strong></span> <span class='ocrx_word' id='word_1_207' title='bbox 786 2477 845 2526; x_wconf 82' lang='lat' dir='ltr'><strong>Bai.</strong></span> <span class='ocrx_word' id='word_1_208' title='bbox 857 2478 937 2534; x_wconf 74' lang='lat' dir='ltr'><strong>loun).</strong></span> <span class='ocrx_word' id='word_1_209' title='bbox 955 2477 1055 2526; x_wconf 83' lang='lat' dir='ltr'><strong>Petrum</strong></span> <span class='ocrx_word' id='word_1_210' title='bbox 1065 2479 1319 2543; x_wconf 73' lang='lat' dir='ltr'><strong>Bleaennempinteb</strong></span> 
     </span>
     <span class='ocr_line' id='line_1_24' title="bbox 206 2546 882 2608; baseline 0.006 -15"><span class='ocrx_word' id='word_1_211' title='bbox 206 2546 270 2595; x_wconf 79' lang='lat' dir='ltr'><strong>Vide</strong></span> <span class='ocrx_word' id='word_1_212' title='bbox 279 2562 301 2594; x_wconf 89' lang='lat' dir='ltr'><strong>e.</strong></span> <span class='ocrx_word' id='word_1_213' title='bbox 311 2548 461 2608; x_wconf 60' lang='lat' dir='ltr'><strong>mamimus,</strong></span> <span class='ocrx_word' id='word_1_214' title='bbox 472 2548 502 2594; x_wconf 82' lang='lat' dir='ltr'><strong>de</strong></span> <span class='ocrx_word' id='word_1_215' title='bbox 512 2548 641 2594; x_wconf 82' lang='lat' dir='ltr'><strong>homicidio</strong></span> <span class='ocrx_word' id='word_1_216' title='bbox 651 2548 737 2593; x_wconf 84' lang='lat' dir='ltr'><strong>volun·</strong></span> <span class='ocrx_word' id='word_1_217' title='bbox 786 2564 882 2597; x_wconf 79' lang='lat' dir='ltr'><strong>cxxix.</strong></span> 
     </span>
    </p>
   </div>
   <div class='ocr_carea' id='block_1_5' title="bbox 148 2623 1319 2986">
    <p class='ocr_par' dir='ltr' id='par_1_6' title="bbox 148 2623 1319 2986">
     <span class='ocr_line' id='line_1_25' title="bbox 205 2623 1319 2691; baseline 0.005 -21"><span class='ocrx_word' id='word_1_218' title='bbox 205 2624 268 2670; x_wconf 72' lang='lat' dir='ltr'><strong>tario</strong></span> <span class='ocrx_word' id='word_1_219' title='bbox 283 2624 322 2684; x_wconf 86' lang='lat' dir='ltr'><strong>(in</strong></span> <span class='ocrx_word' id='word_1_220' title='bbox 333 2623 513 2682; x_wconf 73' lang='lat' dir='ltr'><strong>Decretntibur)</strong></span> <span class='ocrx_word' id='word_1_221' title='bbox 526 2629 552 2671; x_wconf 83' lang='lat' dir='ltr'><strong>ot</strong></span> <span class='ocrx_word' id='word_1_222' title='bbox 567 2638 588 2670; x_wconf 88' lang='lat' dir='ltr'><strong>o.</strong></span> <span class='ocrx_word' id='word_1_223' title='bbox 599 2624 630 2670; x_wconf 80' lang='lat' dir='ltr'><strong>de</strong></span> <span class='ocrx_word' id='word_1_224' title='bbox 644 2623 689 2679; x_wconf 79' lang='lat' dir='ltr'><strong>bis,</strong></span> <span class='ocrx_word' id='word_1_225' title='bbox 698 2623 736 2671; x_wconf 74' lang='grc'><strong>36.</strong></span> <span class='ocrx_word' id='word_1_226' title='bbox 831 2635 840 2658; x_wconf 87' lang='lat'>¹</span> <span class='ocrx_word' id='word_1_227' title='bbox 855 2625 896 2672; x_wconf 81' lang='lat' dir='ltr'><strong>Ita</strong></span> <span class='ocrx_word' id='word_1_228' title='bbox 909 2632 934 2672; x_wconf 81' lang='lat' dir='ltr'><strong>ut</strong></span> <span class='ocrx_word' id='word_1_229' title='bbox 947 2627 982 2672; x_wconf 79' lang='lat' dir='ltr'><strong>ad</strong></span> <span class='ocrx_word' id='word_1_230' title='bbox 993 2625 1079 2673; x_wconf 72' lang='lat' dir='ltr'><strong>betium</strong></span> <span class='ocrx_word' id='word_1_231' title='bbox 1089 2627 1219 2686; x_wconf 67' lang='lat' dir='ltr'><strong>poeticen</strong></span> <span class='ocrx_word' id='word_1_232' title='bbox 1231 2643 1319 2691; x_wconf 69' lang='lat' dir='ltr'><strong>quoque</strong></span> 
     </span>
     <span class='ocr_line' id='line_1_26' title="bbox 204 2696 1318 2760; baseline 0.008 -17"><span class='ocrx_word' id='word_1_233' title='bbox 204 2696 315 2743; x_wconf 71' lang='lat' dir='ltr'><strong>distinet.</strong></span> <span class='ocrx_word' id='word_1_234' title='bbox 324 2700 363 2745; x_wconf 78' lang='lat'><strong>60.</strong></span> <span class='ocrx_word' id='word_1_235' title='bbox 785 2700 871 2758; x_wconf 78' lang='lat' dir='ltr'><strong>optari</strong></span> <span class='ocrx_word' id='word_1_236' title='bbox 885 2701 995 2760; x_wconf 74' lang='lat' dir='ltr'><strong>deberint]</strong></span> <span class='ocrx_word' id='word_1_237' title='bbox 1011 2702 1157 2750; x_wconf 69' lang='lat' dir='ltr'><strong>Ammianus</strong></span> <span class='ocrx_word' id='word_1_238' title='bbox 1170 2704 1229 2752; x_wconf 85' lang='lat' dir='ltr'><strong>Lib.</strong></span> <span class='ocrx_word' id='word_1_239' title='bbox 1241 2719 1318 2752; x_wconf 81' lang='lat' dir='ltr'><strong>xxm.</strong></span> 
     </span>
     <span class='ocr_line' id='line_1_27' title="bbox 148 2771 1319 2834; baseline 0.012 -19"><span class='ocrx_word' id='word_1_240' title='bbox 148 2828 150 2831; x_wconf 18' lang='grc' dir='ltr'><strong><em>ι</em></strong></span> <span class='ocrx_word' id='word_1_241' title='bbox 248 2780 259 2816; x_wconf 80' lang='grc' dir='ltr'>ι</span> <span class='ocrx_word' id='word_1_242' title='bbox 273 2772 333 2819; x_wconf 75' lang='lat' dir='ltr'><strong>Nisi</strong></span> <span class='ocrx_word' id='word_1_243' title='bbox 343 2771 532 2833; x_wconf 68' lang='lat' dir='ltr'><strong>obdetictaquoe</strong></span> <span class='ocrx_word' id='word_1_244' title='bbox 542 2771 581 2818; x_wconf 71' lang='lat' dir='ltr'><strong>tet</strong></span> <span class='ocrx_word' id='word_1_245' title='bbox 587 2784 634 2832; x_wconf 83' lang='lat' dir='ltr'><strong>per</strong></span> <span class='ocrx_word' id='word_1_246' title='bbox 643 2771 736 2818; x_wconf 77' lang='lat' dir='ltr'><strong>Morem</strong></span> <span class='ocrx_word' id='word_1_247' title='bbox 785 2774 856 2834; x_wconf 86' lang='lat' dir='ltr'><strong>(Cap.</strong></span> <span class='ocrx_word' id='word_1_248' title='bbox 868 2775 895 2833; x_wconf 84' lang='lat' dir='ltr'><strong>i.)</strong></span> <span class='ocrx_word' id='word_1_249' title='bbox 912 2777 971 2822; x_wconf 76' lang='lat' dir='ltr'><strong>(hem</strong></span> <span class='ocrx_word' id='word_1_250' title='bbox 981 2777 1319 2828; x_wconf 61' lang='lat' dir='ltr'><strong>{mentiemur-rimaran</strong></span> 
     </span>
     <span class='ocr_line' id='line_1_28' title="bbox 204 2847 1318 2912; baseline 0.009 -18"><span class='ocrx_word' id='word_1_251' title='bbox 204 2847 265 2894; x_wconf 83' lang='lat' dir='ltr'><strong>dntn</strong></span> <span class='ocrx_word' id='word_1_252' title='bbox 277 2854 350 2895; x_wconf 75' lang='lat' dir='ltr'><strong>morte</strong></span> <span class='ocrx_word' id='word_1_253' title='bbox 360 2848 469 2908; x_wconf 75' lang='lat' dir='ltr'><strong>punivit}</strong></span> <span class='ocrx_word' id='word_1_254' title='bbox 487 2849 581 2895; x_wconf 87' lang='lat' dir='ltr'><strong>Contra</strong></span> <span class='ocrx_word' id='word_1_255' title='bbox 593 2848 668 2906; x_wconf 73' lang='lat' dir='ltr'><strong>legen,</strong></span> <span class='ocrx_word' id='word_1_256' title='bbox 681 2862 736 2906; x_wconf 82' lang='lat' dir='ltr'><strong>qum</strong></span> <span class='ocrx_word' id='word_1_257' title='bbox 785 2850 823 2896; x_wconf 75' lang='lat' dir='ltr'><strong>ta</strong></span> <span class='ocrx_word' id='word_1_258' title='bbox 834 2865 882 2895; x_wconf 77' lang='lat' dir='ltr'><strong>aaa</strong></span> <span class='ocrx_word' id='word_1_259' title='bbox 891 2852 923 2897; x_wconf 78' lang='lat' dir='ltr'><strong>ait</strong></span> <span class='ocrx_word' id='word_1_260' title='bbox 931 2856 954 2897; x_wconf 85' lang='lat' dir='ltr'><strong>et</strong></span> <span class='ocrx_word' id='word_1_261' title='bbox 960 2857 1085 2912; x_wconf 75' lang='lat' dir='ltr'><strong>perpetua,</strong></span> <span class='ocrx_word' id='word_1_262' title='bbox 1095 2854 1202 2902; x_wconf 63' lang='lat' dir='ltr'><strong>seium</strong></span> <span class='ocrx_word' id='word_1_263' title='bbox 1209 2858 1318 2903; x_wconf 77' lang='lat' dir='ltr'><strong>mira·</strong></span> 
     </span>
     <span class='ocr_line' id='line_1_29' title="bbox 204 2922 1318 2986; baseline 0.011 -18"><span class='ocrx_word' id='word_1_264' title='bbox 204 2927 320 2970; x_wconf 68' lang='lat' dir='ltr'><strong>venantes</strong></span> <span class='ocrx_word' id='word_1_265' title='bbox 334 2923 437 2970; x_wconf 74' lang='lat' dir='ltr'><strong>rusticos</strong></span> <span class='ocrx_word' id='word_1_266' title='bbox 456 2928 534 2969; x_wconf 87' lang='lat' dir='ltr'><strong>morto</strong></span> <span class='ocrx_word' id='word_1_267' title='bbox 554 2922 665 2982; x_wconf 87' lang='lat' dir='ltr'><strong>puniunt,</strong></span> <span class='ocrx_word' id='word_1_268' title='bbox 682 2922 735 2968; x_wconf 83' lang='lat' dir='ltr'><strong>ride</strong></span> <span class='ocrx_word' id='word_1_269' title='bbox 784 2926 847 2972; x_wconf 85' lang='lat' dir='ltr'><strong>tione</strong></span> <span class='ocrx_word' id='word_1_270' title='bbox 860 2927 990 2986; x_wconf 76' lang='lat' dir='ltr'><strong>defindere,</strong></span> <span class='ocrx_word' id='word_1_271' title='bbox 1004 2928 1066 2975; x_wconf 85' lang='lat' dir='ltr'><strong>nihii</strong></span> <span class='ocrx_word' id='word_1_272' title='bbox 1079 2930 1197 2978; x_wconf 77' lang='lat' dir='ltr'><strong>renitente</strong></span> <span class='ocrx_word' id='word_1_273' title='bbox 1206 2932 1233 2978; x_wconf 82' lang='lat' dir='ltr'><strong>oi</strong></span> <span class='ocrx_word' id='word_1_274' title='bbox 1241 2933 1318 2981; x_wconf 72' lang='lat' dir='ltr'><strong>norit.</strong></span> 
     </span>
    </p>
   </div>
   <div class='ocr_carea' id='block_1_6' title="bbox 202 3167 1316 3419">
    <p class='ocr_par' dir='ltr' id='par_1_7' title="bbox 202 3167 1316 3419">
     <span class='ocr_line' id='line_1_30' title="bbox 203 3167 1316 3248; baseline 0.006 -24"><span class='ocrx_word' id='word_1_275' title='bbox 203 3168 267 3224; x_wconf 85' lang='lat' dir='ltr'><strong>that</strong></span> <span class='ocrx_word' id='word_1_276' title='bbox 280 3168 371 3233; x_wconf 84' lang='lat' dir='ltr'><strong>iimit;</strong></span> <span class='ocrx_word' id='word_1_277' title='bbox 386 3184 425 3233; x_wconf 87' lang='lat' dir='ltr'><strong>as,</strong></span> <span class='ocrx_word' id='word_1_278' title='bbox 440 3168 466 3223; x_wconf 81' lang='lat' dir='ltr'><strong>ii</strong></span> <span class='ocrx_word' id='word_1_279' title='bbox 481 3167 517 3223; x_wconf 91' lang='lat' dir='ltr'><strong>he</strong></span> <span class='ocrx_word' id='word_1_280' title='bbox 535 3169 571 3224; x_wconf 91' lang='lat' dir='ltr'><strong>bo</strong></span> <span class='ocrx_word' id='word_1_281' title='bbox 586 3171 708 3241; x_wconf 83' lang='lat' dir='ltr'><strong>running</strong></span> <span class='ocrx_word' id='word_1_282' title='bbox 726 3172 768 3226; x_wconf 83' lang='lat' dir='ltr'><strong>off</strong></span> <span class='ocrx_word' id='word_1_283' title='bbox 782 3173 849 3227; x_wconf 76' lang='lat' dir='ltr'><strong>with</strong></span> <span class='ocrx_word' id='word_1_284' title='bbox 867 3172 943 3229; x_wconf 82' lang='lat' dir='ltr'><strong>what</strong></span> <span class='ocrx_word' id='word_1_285' title='bbox 961 3173 998 3229; x_wconf 91' lang='lat' dir='ltr'><strong>ho</strong></span> <span class='ocrx_word' id='word_1_286' title='bbox 1015 3172 1066 3226; x_wconf 83' lang='lat' dir='ltr'><strong>hm</strong></span> <span class='ocrx_word' id='word_1_287' title='bbox 1084 3171 1194 3239; x_wconf 77' lang='lat' dir='ltr'><strong>taken3</strong></span> <span class='ocrx_word' id='word_1_288' title='bbox 1217 3183 1267 3248; x_wconf 75' lang='lat' dir='ltr'><strong>yet</strong></span> <span class='ocrx_word' id='word_1_289' title='bbox 1279 3193 1316 3231; x_wconf 81' lang='grc' dir='ltr'><strong>ιιο</strong></span> 
     </span>
     <span class='ocr_line' id='line_1_31' title="bbox 202 3253 1315 3327; baseline 0.009 -18"><span class='ocrx_word' id='word_1_290' title='bbox 202 3253 274 3311; x_wconf 80' lang='lat' dir='ltr'><strong>hare</strong></span> <span class='ocrx_word' id='word_1_291' title='bbox 287 3272 324 3309; x_wconf 92' lang='lat' dir='ltr'><strong>no</strong></span> <span class='ocrx_word' id='word_1_292' title='bbox 336 3254 426 3308; x_wconf 89' lang='lat' dir='ltr'><strong>doubt</strong></span> <span class='ocrx_word' id='word_1_293' title='bbox 440 3255 503 3310; x_wconf 84' lang='lat' dir='ltr'><strong>that</strong></span> <span class='ocrx_word' id='word_1_294' title='bbox 519 3254 566 3310; x_wconf 89' lang='lat' dir='ltr'><strong>tho</strong></span> <span class='ocrx_word' id='word_1_295' title='bbox 579 3257 694 3327; x_wconf 89' lang='lat' dir='ltr'><strong>opinion</strong></span> <span class='ocrx_word' id='word_1_296' title='bbox 709 3258 799 3312; x_wconf 81' lang='lat' dir='ltr'><strong>which</strong></span> <span class='ocrx_word' id='word_1_297' title='bbox 815 3276 856 3313; x_wconf 85' lang='lat' dir='ltr'><strong>we</strong></span> <span class='ocrx_word' id='word_1_298' title='bbox 871 3258 944 3316; x_wconf 85' lang='lat' dir='ltr'><strong>hore</strong></span> <span class='ocrx_word' id='word_1_299' title='bbox 960 3257 1053 3315; x_wconf 78' lang='lat' dir='ltr'><strong>stated</strong></span> <span class='ocrx_word' id='word_1_300' title='bbox 1067 3275 1125 3313; x_wconf 82' lang='lat' dir='ltr'><strong>was</strong></span> <span class='ocrx_word' id='word_1_301' title='bbox 1140 3258 1210 3316; x_wconf 81' lang='lat' dir='ltr'><strong>thot</strong></span> <span class='ocrx_word' id='word_1_302' title='bbox 1224 3262 1259 3318; x_wconf 82' lang='lat' dir='ltr'><strong>oi</strong></span> <span class='ocrx_word' id='word_1_303' title='bbox 1271 3262 1315 3318; x_wconf 83' lang='lat' dir='ltr'><strong>tho</strong></span> 
     </span>
     <span class='ocr_line' id='line_1_32' title="bbox 202 3341 1314 3419; baseline 0.008 -23"><span class='ocrx_word' id='word_1_304' title='bbox 202 3341 457 3414; x_wconf 80' lang='lat' dir='ltr'><strong>oariychristiana.</strong></span> <span class='ocrx_word' id='word_1_305' title='bbox 490 3342 707 3414; x_wconf 77' lang='lat' dir='ltr'><strong>Sohugustine.</strong></span> <span class='ocrx_word' id='word_1_306' title='bbox 742 3346 800 3400; x_wconf 87' lang='lat' dir='ltr'><strong>But</strong></span> <span class='ocrx_word' id='word_1_307' title='bbox 815 3344 1030 3419; x_wconf 85' lang='lat' dir='ltr'><strong>thisdiseiplino</strong></span> <span class='ocrx_word' id='word_1_308' title='bbox 1045 3342 1096 3398; x_wconf 77' lang='lat' dir='ltr'><strong>has</strong></span> <span class='ocrx_word' id='word_1_309' title='bbox 1111 3343 1192 3402; x_wconf 86' lang='lat' dir='ltr'><strong>been</strong></span> <span class='ocrx_word' id='word_1_310' title='bbox 1206 3347 1314 3405; x_wconf 78' lang='lat' dir='ltr'><strong>relnrod</strong></span> 
     </span>
    </p>
   </div>
   <div class='ocr_carea' id='block_1_7' title="bbox 113 3427 333 3501">
    <p class='ocr_par' dir='ltr' id='par_1_8' title="bbox 113 3427 333 3501">
     <span class='ocr_line' id='line_1_33' title="bbox 113 3427 333 3501; baseline 0 -19"><span class='ocrx_word' id='word_1_311' title='bbox 113 3447 116 3455; x_wconf 60' lang='grc'><strong>”</strong></span> <span class='ocrx_word' id='word_1_312' title='bbox 202 3427 240 3501; x_wconf 77' lang='lat' dir='ltr'><strong>by</strong></span> <span class='ocrx_word' id='word_1_313' title='bbox 255 3429 333 3482; x_wconf 90' lang='lat' dir='ltr'><strong>time.</strong></span> 
     </span>
    </p>
   </div>
   <div class='ocr_carea' id='block_1_8' title="bbox 198 3512 1314 4458">
    <p class='ocr_par' dir='ltr' id='par_1_9' title="bbox 198 3512 1314 4361">
     <span class='ocr_line' id='line_1_34' title="bbox 257 3512 1313 3594; baseline 0.009 -25"><span class='ocrx_word' id='word_1_314' title='bbox 257 3515 339 3569; x_wconf 80' lang='lat' dir='ltr'><strong>xiv.</strong></span> <span class='ocrx_word' id='word_1_315' title='bbox 376 3513 404 3568; x_wconf 92' lang='grc' dir='ltr'>Ιι</span> <span class='ocrx_word' id='word_1_316' title='bbox 421 3515 444 3568; x_wconf 82' lang='lat' dir='ltr'><strong>is</strong></span> <span class='ocrx_word' id='word_1_317' title='bbox 466 3513 550 3569; x_wconf 89' lang='lat' dir='ltr'><strong>mado</strong></span> <span class='ocrx_word' id='word_1_318' title='bbox 565 3530 583 3566; x_wconf 86' lang='grc' dir='ltr'><strong>ιι</strong></span> <span class='ocrx_word' id='word_1_319' title='bbox 597 3515 727 3584; x_wconf 84' lang='lat' dir='ltr'><strong>question</strong></span> <span class='ocrx_word' id='word_1_320' title='bbox 743 3515 868 3570; x_wconf 77' lang='lat' dir='ltr'><strong>wlnothor</strong></span> <span class='ocrx_word' id='word_1_321' title='bbox 884 3515 933 3570; x_wconf 89' lang='lat' dir='ltr'><strong>tho</strong></span> <span class='ocrx_word' id='word_1_322' title='bbox 956 3512 1019 3567; x_wconf 86' lang='lat' dir='ltr'><strong>ciril</strong></span> <span class='ocrx_word' id='word_1_323' title='bbox 1037 3512 1100 3580; x_wconf 80' lang='lat' dir='ltr'><strong>law,</strong></span> <span class='ocrx_word' id='word_1_324' title='bbox 1118 3515 1208 3576; x_wconf 75' lang='lat' dir='ltr'><strong>when</strong></span> <span class='ocrx_word' id='word_1_325' title='bbox 1222 3521 1313 3594; x_wconf 76' lang='lat' dir='ltr'><strong>itper</strong></span> 
     </span>
     <span class='ocr_line' id='line_1_35' title="bbox 199 3599 1312 3676; baseline 0.005 -22"><span class='ocrx_word' id='word_1_326' title='bbox 199 3601 266 3656; x_wconf 79' lang='lat' dir='ltr'><strong>mita</strong></span> <span class='ocrx_word' id='word_1_327' title='bbox 281 3618 314 3655; x_wconf 81' lang='lat' dir='ltr'><strong>us</strong></span> <span class='ocrx_word' id='word_1_328' title='bbox 328 3606 358 3655; x_wconf 90' lang='lat' dir='ltr'><strong>to</strong></span> <span class='ocrx_word' id='word_1_329' title='bbox 373 3600 423 3653; x_wconf 83' lang='lat' dir='ltr'><strong>hill</strong></span> <span class='ocrx_word' id='word_1_330' title='bbox 439 3616 457 3653; x_wconf 89' lang='lat' dir='ltr'><strong>a</strong></span> <span class='ocrx_word' id='word_1_331' title='bbox 472 3599 546 3654; x_wconf 82' lang='lat' dir='ltr'><strong>thies</strong></span> <span class='ocrx_word' id='word_1_332' title='bbox 559 3599 624 3653; x_wconf 78' lang='lat' dir='ltr'><strong>with</strong></span> <span class='ocrx_word' id='word_1_333' title='bbox 641 3601 789 3672; x_wconf 70' lang='lat' dir='ltr'><strong>inrpnuity,</strong></span> <span class='ocrx_word' id='word_1_334' title='bbox 803 3602 871 3655; x_wconf 85' lang='lat' dir='ltr'><strong>does</strong></span> <span class='ocrx_word' id='word_1_335' title='bbox 886 3607 936 3655; x_wconf 91' lang='lat' dir='ltr'><strong>not</strong></span> <span class='ocrx_word' id='word_1_336' title='bbox 957 3601 1019 3670; x_wconf 76' lang='lat' dir='ltr'><strong>giro</strong></span> <span class='ocrx_word' id='word_1_337' title='bbox 1034 3617 1067 3655; x_wconf 80' lang='lat' dir='ltr'><strong>us</strong></span> <span class='ocrx_word' id='word_1_338' title='bbox 1086 3619 1105 3656; x_wconf 87' lang='grc' dir='ltr'><strong>ιι</strong></span> <span class='ocrx_word' id='word_1_339' title='bbox 1123 3603 1221 3676; x_wconf 86' lang='lat' dir='ltr'><strong>Right</strong></span> <span class='ocrx_word' id='word_1_340' title='bbox 1238 3607 1312 3663; x_wconf 91' lang='lat' dir='ltr'><strong>todo</strong></span> 
     </span>
     <span class='ocr_line' id='line_1_36' title="bbox 200 3684 1312 3756; baseline 0.005 -15"><span class='ocrx_word' id='word_1_341' title='bbox 200 3703 247 3754; x_wconf 64' lang='grc' dir='ltr'><strong>σοι</strong></span> <span class='ocrx_word' id='word_1_342' title='bbox 262 3688 339 3742; x_wconf 83' lang='lat' dir='ltr'><strong>since</strong></span> <span class='ocrx_word' id='word_1_343' title='bbox 351 3686 401 3741; x_wconf 92' lang='lat' dir='ltr'><strong>tho</strong></span> <span class='ocrx_word' id='word_1_344' title='bbox 416 3687 480 3741; x_wconf 73' lang='lat' dir='ltr'><strong>civil</strong></span> <span class='ocrx_word' id='word_1_345' title='bbox 496 3687 547 3740; x_wconf 84' lang='lat' dir='ltr'><strong>low</strong></span> <span class='ocrx_word' id='word_1_346' title='bbox 562 3684 611 3740; x_wconf 89' lang='lat' dir='ltr'><strong>has</strong></span> <span class='ocrx_word' id='word_1_347' title='bbox 625 3686 673 3740; x_wconf 87' lang='lat' dir='ltr'><strong>tho</strong></span> <span class='ocrx_word' id='word_1_348' title='bbox 687 3686 774 3756; x_wconf 76' lang='lat' dir='ltr'><strong>ssight</strong></span> <span class='ocrx_word' id='word_1_349' title='bbox 786 3687 818 3740; x_wconf 88' lang='lat' dir='ltr'><strong>of</strong></span> <span class='ocrx_word' id='word_1_350' title='bbox 828 3687 877 3742; x_wconf 87' lang='lat' dir='ltr'><strong>lite</strong></span> <span class='ocrx_word' id='word_1_351' title='bbox 892 3685 948 3741; x_wconf 85' lang='lat' dir='ltr'><strong>ond</strong></span> <span class='ocrx_word' id='word_1_352' title='bbox 961 3685 1055 3738; x_wconf 82' lang='lat' dir='ltr'><strong>death.</strong></span> <span class='ocrx_word' id='word_1_353' title='bbox 1084 3688 1144 3743; x_wconf 88' lang='lat' dir='ltr'><strong>But</strong></span> <span class='ocrx_word' id='word_1_354' title='bbox 1158 3690 1219 3747; x_wconf 76' lang='lat' dir='ltr'><strong>thia</strong></span> <span class='ocrx_word' id='word_1_355' title='bbox 1234 3695 1257 3749; x_wconf 81' lang='lat' dir='ltr'><strong>in</strong></span> <span class='ocrx_word' id='word_1_356' title='bbox 1270 3698 1312 3747; x_wconf 86' lang='lat' dir='ltr'><strong>not</strong></span> 
     </span>
     <span class='ocr_line' id='line_1_37' title="bbox 199 3771 1312 3844; baseline 0.002 -17"><span class='ocrx_word' id='word_1_357' title='bbox 199 3789 240 3827; x_wconf 79' lang='lat' dir='ltr'><strong>no.</strong></span> <span class='ocrx_word' id='word_1_358' title='bbox 279 3774 314 3828; x_wconf 93' lang='lat' dir='ltr'><strong>In</strong></span> <span class='ocrx_word' id='word_1_359' title='bbox 329 3772 379 3828; x_wconf 89' lang='lat' dir='ltr'><strong>the</strong></span> <span class='ocrx_word' id='word_1_360' title='bbox 398 3773 459 3827; x_wconf 83' lang='lat' dir='ltr'><strong>first</strong></span> <span class='ocrx_word' id='word_1_361' title='bbox 474 3773 562 3844; x_wconf 85' lang='lat' dir='ltr'><strong>pineo,</strong></span> <span class='ocrx_word' id='word_1_362' title='bbox 581 3772 629 3826; x_wconf 91' lang='lat' dir='ltr'><strong>tho</strong></span> <span class='ocrx_word' id='word_1_363' title='bbox 649 3773 719 3826; x_wconf 69' lang='lat' dir='ltr'><strong>Citii</strong></span> <span class='ocrx_word' id='word_1_364' title='bbox 739 3773 805 3825; x_wconf 84' lang='lat' dir='ltr'><strong>Law</strong></span> <span class='ocrx_word' id='word_1_365' title='bbox 828 3772 879 3827; x_wconf 80' lang='lat' dir='ltr'><strong>has</strong></span> <span class='ocrx_word' id='word_1_366' title='bbox 895 3778 944 3826; x_wconf 92' lang='lat' dir='ltr'><strong>not</strong></span> <span class='ocrx_word' id='word_1_367' title='bbox 961 3771 1009 3825; x_wconf 88' lang='lat' dir='ltr'><strong>tho</strong></span> <span class='ocrx_word' id='word_1_368' title='bbox 1030 3771 1123 3844; x_wconf 86' lang='lat' dir='ltr'><strong>Right</strong></span> <span class='ocrx_word' id='word_1_369' title='bbox 1141 3776 1179 3833; x_wconf 77' lang='lat' dir='ltr'><strong>oi</strong></span> <span class='ocrx_word' id='word_1_370' title='bbox 1195 3778 1247 3835; x_wconf 74' lang='lat' dir='ltr'><strong>lito</strong></span> <span class='ocrx_word' id='word_1_371' title='bbox 1263 3777 1312 3833; x_wconf 88' lang='lat' dir='ltr'><strong>and</strong></span> 
     </span>
     <span class='ocr_line' id='line_1_38' title="bbox 200 3857 1314 3936; baseline 0.01 -26"><span class='ocrx_word' id='word_1_372' title='bbox 200 3857 286 3912; x_wconf 85' lang='lat' dir='ltr'><strong>daath</strong></span> <span class='ocrx_word' id='word_1_373' title='bbox 302 3860 330 3912; x_wconf 89' lang='lat' dir='ltr'><strong>in</strong></span> <span class='ocrx_word' id='word_1_374' title='bbox 342 3858 381 3912; x_wconf 88' lang='lat' dir='ltr'><strong>all</strong></span> <span class='ocrx_word' id='word_1_375' title='bbox 397 3876 482 3922; x_wconf 84' lang='lat' dir='ltr'><strong>enses,</strong></span> <span class='ocrx_word' id='word_1_376' title='bbox 495 3860 546 3912; x_wconf 90' lang='lat' dir='ltr'><strong>but</strong></span> <span class='ocrx_word' id='word_1_377' title='bbox 559 3859 626 3929; x_wconf 75' lang='lat' dir='ltr'><strong>only</strong></span> <span class='ocrx_word' id='word_1_378' title='bbox 643 3859 670 3911; x_wconf 88' lang='lat' dir='ltr'><strong>in</strong></span> <span class='ocrx_word' id='word_1_379' title='bbox 690 3875 766 3912; x_wconf 84' lang='lat' dir='ltr'><strong>cases</strong></span> <span class='ocrx_word' id='word_1_380' title='bbox 782 3858 814 3912; x_wconf 84' lang='lat' dir='ltr'><strong>of</strong></span> <span class='ocrx_word' id='word_1_381' title='bbox 825 3869 906 3928; x_wconf 84' lang='lat' dir='ltr'><strong>great</strong></span> <span class='ocrx_word' id='word_1_382' title='bbox 923 3858 1031 3912; x_wconf 83' lang='lat' dir='ltr'><strong>crimes.</strong></span> <span class='ocrx_word' id='word_1_383' title='bbox 1071 3859 1136 3916; x_wconf 79' lang='lat' dir='ltr'><strong>The</strong></span> <span class='ocrx_word' id='word_1_384' title='bbox 1153 3862 1314 3936; x_wconf 84' lang='lat' dir='ltr'><strong>opinionoi</strong></span> 
     </span>
     <span class='ocr_line' id='line_1_39' title="bbox 200 3943 1311 4018; baseline 0.007 -22"><span class='ocrx_word' id='word_1_385' title='bbox 200 3943 302 3997; x_wconf 82' lang='lat' dir='ltr'><strong>Seuius</strong></span> <span class='ocrx_word' id='word_1_386' title='bbox 314 3945 338 3997; x_wconf 85' lang='lat' dir='ltr'><strong>is</strong></span> <span class='ocrx_word' id='word_1_387' title='bbox 350 3944 495 4014; x_wconf 88' lang='lat' dir='ltr'><strong>probable,</strong></span> <span class='ocrx_word' id='word_1_388' title='bbox 508 3943 572 3998; x_wconf 84' lang='lat' dir='ltr'><strong>that</strong></span> <span class='ocrx_word' id='word_1_389' title='bbox 584 3961 624 3997; x_wconf 76' lang='lat' dir='ltr'><strong>ne</strong></span> <span class='ocrx_word' id='word_1_390' title='bbox 636 3943 707 3998; x_wconf 75' lang='lat' dir='ltr'><strong>have</strong></span> <span class='ocrx_word' id='word_1_391' title='bbox 720 3961 757 3997; x_wconf 91' lang='lat' dir='ltr'><strong>no</strong></span> <span class='ocrx_word' id='word_1_392' title='bbox 770 3945 845 4014; x_wconf 87' lang='lat' dir='ltr'><strong>right</strong></span> <span class='ocrx_word' id='word_1_393' title='bbox 858 3952 887 3999; x_wconf 90' lang='lat' dir='ltr'><strong>to</strong></span> <span class='ocrx_word' id='word_1_394' title='bbox 898 3944 1037 3998; x_wconf 91' lang='lat' dir='ltr'><strong>condemn</strong></span> <span class='ocrx_word' id='word_1_395' title='bbox 1049 3961 1106 4018; x_wconf 76' lang='lat' dir='ltr'><strong>any</strong></span> <span class='ocrx_word' id='word_1_396' title='bbox 1118 3963 1179 4006; x_wconf 88' lang='lat' dir='ltr'><strong>one</strong></span> <span class='ocrx_word' id='word_1_397' title='bbox 1192 3959 1224 4007; x_wconf 89' lang='lat' dir='ltr'><strong>to</strong></span> <span class='ocrx_word' id='word_1_398' title='bbox 1236 3950 1311 4008; x_wconf 81' lang='lat' dir='ltr'><strong>death</strong></span> 
     </span>
     <span class='ocr_line' id='line_1_40' title="bbox 199 4029 1312 4100; baseline 0.009 -17"><span class='ocrx_word' id='word_1_399' title='bbox 199 4036 300 4100; x_wconf 83' lang='lat' dir='ltr'><strong>except</strong></span> <span class='ocrx_word' id='word_1_400' title='bbox 310 4029 356 4084; x_wconf 83' lang='lat' dir='ltr'><strong>sor</strong></span> <span class='ocrx_word' id='word_1_401' title='bbox 371 4029 419 4084; x_wconf 92' lang='lat' dir='ltr'><strong>tho</strong></span> <span class='ocrx_word' id='word_1_402' title='bbox 434 4032 534 4083; x_wconf 79' lang='lat' dir='ltr'><strong>erirues</strong></span> <span class='ocrx_word' id='word_1_403' title='bbox 546 4046 576 4083; x_wconf 86' lang='lat' dir='ltr'><strong>so</strong></span> <span class='ocrx_word' id='word_1_404' title='bbox 592 4030 691 4083; x_wconf 75' lang='lat' dir='ltr'><strong>visited</strong></span> <span class='ocrx_word' id='word_1_405' title='bbox 706 4031 733 4083; x_wconf 90' lang='lat' dir='ltr'><strong>in</strong></span> <span class='ocrx_word' id='word_1_406' title='bbox 751 4030 798 4084; x_wconf 87' lang='lat' dir='ltr'><strong>tho</strong></span> <span class='ocrx_word' id='word_1_407' title='bbox 812 4031 918 4083; x_wconf 83' lang='lat' dir='ltr'><strong>Mosaic</strong></span> <span class='ocrx_word' id='word_1_408' title='bbox 930 4030 1005 4094; x_wconf 74' lang='lat' dir='ltr'><strong>Lair,</strong></span> <span class='ocrx_word' id='word_1_409' title='bbox 1018 4047 1051 4085; x_wconf 85' lang='lat' dir='ltr'><strong>or</strong></span> <span class='ocrx_word' id='word_1_410' title='bbox 1065 4031 1153 4090; x_wconf 81' lang='lat' dir='ltr'><strong>those</strong></span> <span class='ocrx_word' id='word_1_411' title='bbox 1166 4037 1261 4095; x_wconf 80' lang='lat' dir='ltr'><strong>which</strong></span> <span class='ocrx_word' id='word_1_412' title='bbox 1271 4053 1312 4093; x_wconf 79' lang='lat' dir='ltr'><strong>are</strong></span> 
     </span>
     <span class='ocr_line' id='line_1_41' title="bbox 199 4114 1312 4187; baseline 0.007 -18"><span class='ocrx_word' id='word_1_413' title='bbox 199 4114 234 4169; x_wconf 81' lang='lat' dir='ltr'><strong>of</strong></span> <span class='ocrx_word' id='word_1_414' title='bbox 245 4114 295 4169; x_wconf 91' lang='lat' dir='ltr'><strong>tho</strong></span> <span class='ocrx_word' id='word_1_415' title='bbox 312 4133 388 4170; x_wconf 85' lang='lat' dir='ltr'><strong>samo</strong></span> <span class='ocrx_word' id='word_1_416' title='bbox 407 4118 535 4185; x_wconf 75' lang='lat' dir='ltr'><strong>atrocity.</strong></span> <span class='ocrx_word' id='word_1_417' title='bbox 576 4116 608 4168; x_wconf 93' lang='lat' dir='ltr'><strong>In</strong></span> <span class='ocrx_word' id='word_1_418' title='bbox 625 4117 691 4178; x_wconf 82' lang='lat' dir='ltr'><strong>suet,</strong></span> <span class='ocrx_word' id='word_1_419' title='bbox 711 4118 740 4170; x_wconf 89' lang='lat' dir='ltr'><strong>in</strong></span> <span class='ocrx_word' id='word_1_420' title='bbox 758 4134 788 4170; x_wconf 83' lang='lat' dir='ltr'><strong>so</strong></span> <span class='ocrx_word' id='word_1_421' title='bbox 807 4134 891 4187; x_wconf 75' lang='lat' dir='ltr'><strong>grove</strong></span> <span class='ocrx_word' id='word_1_422' title='bbox 906 4133 924 4170; x_wconf 89' lang='lat' dir='ltr'><strong>n</strong></span> <span class='ocrx_word' id='word_1_423' title='bbox 939 4132 1010 4181; x_wconf 84' lang='lat' dir='ltr'><strong>cnse,</strong></span> <span class='ocrx_word' id='word_1_424' title='bbox 1030 4135 1071 4173; x_wconf 82' lang='lat' dir='ltr'><strong>we</strong></span> <span class='ocrx_word' id='word_1_425' title='bbox 1088 4132 1202 4180; x_wconf 87' lang='lat' dir='ltr'><strong>cannot</strong></span> <span class='ocrx_word' id='word_1_426' title='bbox 1217 4124 1312 4181; x_wconf 75' lang='lat' dir='ltr'><strong>haren</strong></span> 
     </span>
     <span class='ocr_line' id='line_1_42' title="bbox 199 4202 1312 4284; baseline 0.007 -29"><span class='ocrx_word' id='word_1_427' title='bbox 199 4202 364 4282; x_wconf 78' lang='lat' dir='ltr'><strong>knowledge</strong></span> <span class='ocrx_word' id='word_1_428' title='bbox 377 4203 410 4256; x_wconf 79' lang='lat' dir='ltr'><strong>of</strong></span> <span class='ocrx_word' id='word_1_429' title='bbox 422 4202 470 4255; x_wconf 90' lang='lat' dir='ltr'><strong>the</strong></span> <span class='ocrx_word' id='word_1_430' title='bbox 482 4203 575 4254; x_wconf 75' lang='lat' dir='ltr'><strong>divine</strong></span> <span class='ocrx_word' id='word_1_431' title='bbox 589 4203 644 4254; x_wconf 84' lang='lat' dir='ltr'><strong>uili</strong></span> <span class='ocrx_word' id='word_1_432' title='bbox 656 4203 745 4256; x_wconf 77' lang='lat' dir='ltr'><strong>which</strong></span> <span class='ocrx_word' id='word_1_433' title='bbox 760 4220 813 4257; x_wconf 84' lang='lat' dir='ltr'><strong>cau</strong></span> <span class='ocrx_word' id='word_1_434' title='bbox 828 4202 926 4273; x_wconf 73' lang='lat' dir='ltr'><strong>satisfy</strong></span> <span class='ocrx_word' id='word_1_435' title='bbox 939 4219 991 4255; x_wconf 88' lang='lat' dir='ltr'><strong>our</strong></span> <span class='ocrx_word' id='word_1_436' title='bbox 1006 4204 1109 4269; x_wconf 85' lang='lat' dir='ltr'><strong>minds,</strong></span> <span class='ocrx_word' id='word_1_437' title='bbox 1122 4219 1232 4284; x_wconf 85' lang='lat' dir='ltr'><strong>oxeept</strong></span> <span class='ocrx_word' id='word_1_438' title='bbox 1248 4213 1312 4268; x_wconf 76' lang='lat' dir='ltr'><strong>from</strong></span> 
     </span>
     <span class='ocr_line' id='line_1_43' title="bbox 198 4287 1313 4361; baseline 0.011 -22"><span class='ocrx_word' id='word_1_439' title='bbox 198 4287 263 4342; x_wconf 85' lang='lat' dir='ltr'><strong>that</strong></span> <span class='ocrx_word' id='word_1_440' title='bbox 287 4288 353 4354; x_wconf 79' lang='lat' dir='ltr'><strong>iaw3</strong></span> <span class='ocrx_word' id='word_1_441' title='bbox 372 4287 461 4342; x_wconf 79' lang='lat' dir='ltr'><strong>which</strong></span> <span class='ocrx_word' id='word_1_442' title='bbox 481 4289 618 4359; x_wconf 82' lang='lat' dir='ltr'><strong>certainly</strong></span> <span class='ocrx_word' id='word_1_443' title='bbox 638 4288 705 4344; x_wconf 87' lang='lat' dir='ltr'><strong>does</strong></span> <span class='ocrx_word' id='word_1_444' title='bbox 730 4297 778 4343; x_wconf 88' lang='lat' dir='ltr'><strong>not</strong></span> <span class='ocrx_word' id='word_1_445' title='bbox 801 4289 904 4361; x_wconf 85' lang='lat' dir='ltr'><strong>punish</strong></span> <span class='ocrx_word' id='word_1_446' title='bbox 923 4287 996 4342; x_wconf 88' lang='lat' dir='ltr'><strong>thost</strong></span> <span class='ocrx_word' id='word_1_447' title='bbox 1015 4288 1082 4343; x_wconf 80' lang='lat' dir='ltr'><strong>with</strong></span> <span class='ocrx_word' id='word_1_448' title='bbox 1108 4292 1213 4352; x_wconf 85' lang='lat' dir='ltr'><strong>death.</strong></span> <span class='ocrx_word' id='word_1_449' title='bbox 1260 4295 1313 4354; x_wconf 79' lang='lat' dir='ltr'><strong>And</strong></span> 
     </span>
    </p>

    <p class='ocr_par' dir='ltr' id='par_1_10' title="bbox 306 4374 1314 4458">
     <span class='ocr_line' id='line_1_44' title="bbox 306 4374 1314 4458; baseline 0.006 -29"><span class='ocrx_word' id='word_1_450' title='bbox 306 4390 354 4442; x_wconf 82' lang='lat' dir='ltr'><strong>ter,</strong></span> <span class='ocrx_word' id='word_1_451' title='bbox 367 4375 416 4431; x_wconf 87' lang='lat' dir='ltr'><strong>the</strong></span> <span class='ocrx_word' id='word_1_452' title='bbox 426 4376 477 4428; x_wconf 80' lang='lat' dir='ltr'><strong>tan</strong></span> <span class='ocrx_word' id='word_1_453' title='bbox 487 4375 598 4429; x_wconf 88' lang='lat' dir='ltr'><strong>neither</strong></span> <span class='ocrx_word' id='word_1_454' title='bbox 610 4375 678 4431; x_wconf 86' lang='lat' dir='ltr'><strong>does</strong></span> <span class='ocrx_word' id='word_1_455' title='bbox 688 4393 740 4431; x_wconf 88' lang='lat' dir='ltr'><strong>nor</strong></span> <span class='ocrx_word' id='word_1_456' title='bbox 752 4375 840 4448; x_wconf 84' lang='lat' dir='ltr'><strong>ought</strong></span> <span class='ocrx_word' id='word_1_457' title='bbox 854 4385 883 4430; x_wconf 92' lang='lat' dir='ltr'><strong>to</strong></span> <span class='ocrx_word' id='word_1_458' title='bbox 894 4376 958 4447; x_wconf 77' lang='lat' dir='ltr'><strong>gire</strong></span> <span class='ocrx_word' id='word_1_459' title='bbox 971 4374 1020 4431; x_wconf 86' lang='lat' dir='ltr'><strong>the</strong></span> <span class='ocrx_word' id='word_1_460' title='bbox 1032 4376 1124 4448; x_wconf 86' lang='lat' dir='ltr'><strong>Right</strong></span> <span class='ocrx_word' id='word_1_461' title='bbox 1136 4381 1175 4436; x_wconf 80' lang='lat' dir='ltr'><strong>os</strong></span> <span class='ocrx_word' id='word_1_462' title='bbox 1184 4382 1314 4458; x_wconf 67' lang='lat' dir='ltr'><strong>printeip</strong></span> 
     </span>
    </p>
   </div>
   <div class='ocr_carea' id='block_1_9' title="bbox 0 0 1392 4854">
    <p class='ocr_par' dir='ltr' id='par_1_11' title="bbox 0 0 1392 4854">
     <span class='ocr_line' id='line_1_45' title="bbox 0 0 1392 4854; baseline 0 2"><span class='ocrx_word' id='word_1_463' title='bbox 0 0 1392 4854; x_wconf 95' lang='lat' dir='ltr'><strong> </strong></span> 
     </span>
    </p>
   </div>
  </div>
 </body>
</html>
