<?xml version="1.0" encoding="UTF-8"?>
<!DOCTYPE html PUBLIC "-//W3C//DTD XHTML 1.0 Transitional//EN"
    "http://www.w3.org/TR/xhtml1/DTD/xhtml1-transitional.dtd">
<html xmlns="http://www.w3.org/1999/xhtml" xml:lang="en" lang="en">
 <head>
  <title>
</title>
<meta http-equiv="Content-Type" content="text/html;charset=utf-8" />
  <meta name='ocr-system' content='tesseract 3.04.00' />
  <meta name='ocr-capabilities' content='ocr_page ocr_carea ocr_par ocr_line ocrx_word'/>
</head>
<body>
  <div class='ocr_page' id='page_1' title='image "./hugonisgrotiide04barbgoog_0183.png"; bbox 0 0 2774 4854; ppageno 0'>
   <div class='ocr_carea' id='block_1_1' title="bbox 234 208 1350 288">
    <p class='ocr_par' dir='ltr' id='par_1_1' title="bbox 234 208 1350 288">
     <span class='ocr_line' id='line_1_1' title="bbox 234 208 1350 288; baseline -0.004 -10"><span class='ocrx_word' id='word_1_1' title='bbox 234 208 278 278; x_wconf 83' lang='grc'><strong>96</strong></span> <span class='ocrx_word' id='word_1_2' title='bbox 517 219 632 277; x_wconf 75' lang='lat' dir='ltr'><strong>nunu</strong></span> <span class='ocrx_word' id='word_1_3' title='bbox 652 215 838 275; x_wconf 80' lang='lat' dir='ltr'>PARTITIO</span> <span class='ocrx_word' id='word_1_4' title='bbox 860 216 1032 275; x_wconf 73' lang='lat' dir='ltr'><strong>DUPLEX.</strong></span> <span class='ocrx_word' id='word_1_5' title='bbox 1233 215 1350 288; x_wconf 67' lang='lat' dir='ltr'><strong>[ml.</strong></span> 
     </span>
    </p>
   </div>
   <div class='ocr_carea' id='block_1_2' title="bbox 64 384 1346 2181">
    <p class='ocr_par' dir='ltr' id='par_1_2' title="bbox 64 384 1346 1282">
     <span class='ocr_line' id='line_1_2' title="bbox 232 384 1346 479; baseline -0.004 -23"><span class='ocrx_word' id='word_1_6' title='bbox 232 388 287 458; x_wconf 90' lang='lat' dir='ltr'><strong>ubi</strong></span> <span class='ocrx_word' id='word_1_7' title='bbox 303 388 404 458; x_wconf 88' lang='lat' dir='ltr'><strong>locum</strong></span> <span class='ocrx_word' id='word_1_8' title='bbox 426 412 508 458; x_wconf 88' lang='lat' dir='ltr'><strong>nune</strong></span> <span class='ocrx_word' id='word_1_9' title='bbox 527 412 651 479; x_wconf 90' lang='lat' dir='ltr'><strong>qnoque</strong></span> <span class='ocrx_word' id='word_1_10' title='bbox 672 390 797 466; x_wconf 78' lang='lat' dir='ltr'><strong>habeut,</strong></span> <span class='ocrx_word' id='word_1_11' title='bbox 812 385 957 453; x_wconf 85' lang='lat' dir='ltr'><strong>nimirum</strong></span> <span class='ocrx_word' id='word_1_12' title='bbox 977 386 1032 455; x_wconf 91' lang='lat' dir='ltr'><strong>ubi</strong></span> <span class='ocrx_word' id='word_1_13' title='bbox 1056 395 1157 454; x_wconf 85' lang='lat' dir='ltr'><strong>eessnt</strong></span> <span class='ocrx_word' id='word_1_14' title='bbox 1168 384 1346 472; x_wconf 83' lang='lat' dir='ltr'><strong>judicium:</strong></span> 
     </span>
     <span class='ocr_line' id='line_1_3' title="bbox 233 486 1346 578; baseline -0.004 -21"><span class='ocrx_word' id='word_1_15' title='bbox 233 512 306 557; x_wconf 82' lang='lat' dir='ltr'><strong>unm</strong></span> <span class='ocrx_word' id='word_1_16' title='bbox 323 491 374 558; x_wconf 86' lang='lat' dir='ltr'><strong>lex</strong></span> <span class='ocrx_word' id='word_1_17' title='bbox 392 501 502 559; x_wconf 79' lang='lat' dir='ltr'><strong>vetans</strong></span> <span class='ocrx_word' id='word_1_18' title='bbox 524 491 590 558; x_wconf 85' lang='lat' dir='ltr'><strong>siue</strong></span> <span class='ocrx_word' id='word_1_19' title='bbox 603 491 720 578; x_wconf 87' lang='lat' dir='ltr'><strong>judicio</strong></span> <span class='ocrx_word' id='word_1_20' title='bbox 739 511 830 555; x_wconf 88' lang='lat' dir='ltr'><strong>suum</strong></span> <span class='ocrx_word' id='word_1_21' title='bbox 850 488 1006 576; x_wconf 80' lang='lat' dir='ltr'>consequi,</span> <span class='ocrx_word' id='word_1_22' title='bbox 1025 486 1159 576; x_wconf 80' lang='lat' dir='ltr'><strong>intelligi</strong></span> <span class='ocrx_word' id='word_1_23' title='bbox 1179 486 1346 553; x_wconf 81' lang='lat' dir='ltr'><strong>commodo</strong></span> 
     </span>
     <span class='ocr_line' id='line_1_4' title="bbox 233 587 1344 680; baseline -0.006 -22"><span class='ocrx_word' id='word_1_24' title='bbox 233 591 338 670; x_wconf 89' lang='lat' dir='ltr'><strong>debet,</strong></span> <span class='ocrx_word' id='word_1_25' title='bbox 363 591 416 658; x_wconf 92' lang='lat' dir='ltr'><strong>ubi</strong></span> <span class='ocrx_word' id='word_1_26' title='bbox 439 591 528 680; x_wconf 80' lang='lat' dir='ltr'><strong>eopia</strong></span> <span class='ocrx_word' id='word_1_27' title='bbox 547 601 596 658; x_wconf 88' lang='lat' dir='ltr'><strong>est</strong></span> <span class='ocrx_word' id='word_1_28' title='bbox 613 590 732 678; x_wconf 90' lang='lat' dir='ltr'><strong>judieii.</strong></span> <span class='ocrx_word' id='word_1_29' title='bbox 775 590 887 657; x_wconf 85' lang='lat' dir='ltr'><strong>Cessat</strong></span> <span class='ocrx_word' id='word_1_30' title='bbox 906 598 1011 655; x_wconf 84' lang='lat' dir='ltr'><strong>nutem</strong></span> <span class='ocrx_word' id='word_1_31' title='bbox 1030 587 1181 676; x_wconf 84' lang='lat' dir='ltr'><strong>judicium</strong></span> <span class='ocrx_word' id='word_1_32' title='bbox 1204 607 1344 652; x_wconf 89' lang='lat' dir='ltr'><strong>momen-</strong></span> 
     </span>
     <span class='ocr_line' id='line_1_5' title="bbox 232 684 1343 775; baseline -0.005 -17"><span class='ocrx_word' id='word_1_33' title='bbox 232 699 335 772; x_wconf 81' lang='lat' dir='ltr'><strong>tnnee,</strong></span> <span class='ocrx_word' id='word_1_34' title='bbox 358 701 414 759; x_wconf 89' lang='lat' dir='ltr'><strong>nut</strong></span> <span class='ocrx_word' id='word_1_35' title='bbox 430 692 584 760; x_wconf 82' lang='lat' dir='ltr'><strong>continuo.</strong></span> <span class='ocrx_word' id='word_1_36' title='bbox 633 684 875 758; x_wconf 73' lang='lat' dir='ltr'><strong>&#39;&#39;Momentnnee</strong></span> <span class='ocrx_word' id='word_1_37' title='bbox 890 698 1000 766; x_wconf 80' lang='lat' dir='ltr'><strong>cessat,</strong></span> <span class='ocrx_word' id='word_1_38' title='bbox 1022 689 1076 756; x_wconf 92' lang='lat' dir='ltr'><strong>ubi</strong></span> <span class='ocrx_word' id='word_1_39' title='bbox 1098 685 1276 775; x_wconf 82' lang='lat' dir='ltr'><strong>exspectari</strong></span> <span class='ocrx_word' id='word_1_40' title='bbox 1290 685 1343 774; x_wconf 90' lang='lat' dir='ltr'><strong>ju·</strong></span> 
     </span>
     <span class='ocr_line' id='line_1_6' title="bbox 231 788 1340 881; baseline -0.004 -24"><span class='ocrx_word' id='word_1_41' title='bbox 231 790 294 858; x_wconf 85' lang='lat' dir='ltr'><strong>dex</strong></span> <span class='ocrx_word' id='word_1_42' title='bbox 309 813 372 857; x_wconf 91' lang='lat' dir='ltr'><strong>non</strong></span> <span class='ocrx_word' id='word_1_43' title='bbox 388 800 492 880; x_wconf 87' lang='lat' dir='ltr'><strong>petest</strong></span> <span class='ocrx_word' id='word_1_44' title='bbox 507 791 574 857; x_wconf 86' lang='lat' dir='ltr'><strong>sine</strong></span> <span class='ocrx_word' id='word_1_45' title='bbox 590 804 677 859; x_wconf 84' lang='lat' dir='ltr'><strong>certo</strong></span> <span class='ocrx_word' id='word_1_46' title='bbox 693 790 830 881; x_wconf 87' lang='lat' dir='ltr'><strong>periculo</strong></span> <span class='ocrx_word' id='word_1_47' title='bbox 847 799 903 857; x_wconf 83' lang='lat' dir='ltr'><strong>out</strong></span> <span class='ocrx_word' id='word_1_48' title='bbox 919 790 1043 857; x_wconf 79' lang='lat' dir='ltr'><strong>domno.</strong></span> <span class='ocrx_word' id='word_1_49' title='bbox 1079 788 1235 858; x_wconf 81' lang='lat' dir='ltr'><strong>Continuo</strong></span> <span class='ocrx_word' id='word_1_50' title='bbox 1251 809 1340 865; x_wconf 78' lang='lat' dir='ltr'><strong>vero,</strong></span> 
     </span>
     <span class='ocr_line' id='line_1_7' title="bbox 230 889 1340 980; baseline -0.002 -24"><span class='ocrx_word' id='word_1_51' title='bbox 230 899 287 958; x_wconf 87' lang='lat' dir='ltr'><strong>sut</strong></span> <span class='ocrx_word' id='word_1_52' title='bbox 304 889 387 978; x_wconf 82' lang='lat' dir='ltr'><strong>jure,</strong></span> <span class='ocrx_word' id='word_1_53' title='bbox 404 900 461 956; x_wconf 81' lang='lat' dir='ltr'><strong>aut</strong></span> <span class='ocrx_word' id='word_1_54' title='bbox 476 889 568 956; x_wconf 81' lang='lat' dir='ltr'><strong>seete.</strong></span> <span class='ocrx_word' id='word_1_55' title='bbox 616 891 706 969; x_wconf 80' lang='lat' dir='ltr'><strong>June,</strong></span> <span class='ocrx_word' id='word_1_56' title='bbox 729 891 756 958; x_wconf 89' lang='lat' dir='ltr'><strong>si</strong></span> <span class='ocrx_word' id='word_1_57' title='bbox 773 892 843 979; x_wconf 90' lang='lat' dir='ltr'><strong>quis</strong></span> <span class='ocrx_word' id='word_1_58' title='bbox 864 900 1012 980; x_wconf 68' lang='lat' dir='ltr'><strong>versetun</strong></span> <span class='ocrx_word' id='word_1_59' title='bbox 1024 889 1056 956; x_wconf 92' lang='lat' dir='ltr'><strong>in</strong></span> <span class='ocrx_word' id='word_1_60' title='bbox 1073 889 1149 957; x_wconf 91' lang='lat' dir='ltr'><strong>loeis</strong></span> <span class='ocrx_word' id='word_1_61' title='bbox 1164 911 1229 955; x_wconf 93' lang='lat' dir='ltr'><strong>non</strong></span> <span class='ocrx_word' id='word_1_62' title='bbox 1249 910 1340 955; x_wconf 87' lang='lat' dir='ltr'><strong>ooou·</strong></span> 
     </span>
     <span class='ocr_line' id='line_1_8' title="bbox 66 989 1341 1092; baseline -0.002 -34"><span class='ocrx_word' id='word_1_63' title='bbox 66 1005 208 1092; x_wconf 46' lang='lat' dir='ltr'><strong>ffffielpbo</strong></span> <span class='ocrx_word' id='word_1_64' title='bbox 230 989 322 1077; x_wconf 78' lang='lat' dir='ltr'><strong>petis,</strong></span> <span class='ocrx_word' id='word_1_65' title='bbox 347 998 385 1057; x_wconf 90' lang='lat' dir='ltr'><strong>ut</strong></span> <span class='ocrx_word' id='word_1_66' title='bbox 401 989 490 1068; x_wconf 81' lang='lat' dir='ltr'><strong>mari,</strong></span> <span class='ocrx_word' id='word_1_67' title='bbox 516 990 692 1069; x_wconf 81' lang='lat' dir='ltr'><strong>solitudine,</strong></span> <span class='ocrx_word' id='word_1_68' title='bbox 717 992 825 1058; x_wconf 86' lang='lat' dir='ltr'><strong>insulis</strong></span> <span class='ocrx_word' id='word_1_69' title='bbox 851 990 964 1069; x_wconf 77' lang='lat' dir='ltr'><strong>saeuis,</strong></span> <span class='ocrx_word' id='word_1_70' title='bbox 991 989 1069 1059; x_wconf 86' lang='lat' dir='ltr'><strong>etsi</strong></span> <span class='ocrx_word' id='word_1_71' title='bbox 1093 1011 1156 1078; x_wconf 83' lang='lat' dir='ltr'><strong>quo</strong></span> <span class='ocrx_word' id='word_1_72' title='bbox 1177 989 1243 1056; x_wconf 81' lang='lat' dir='ltr'><strong>alio</strong></span> <span class='ocrx_word' id='word_1_73' title='bbox 1267 996 1341 1056; x_wconf 89' lang='lat' dir='ltr'><strong>sunt</strong></span> 
     </span>
     <span class='ocr_line' id='line_1_9' title="bbox 64 1054 1340 1178; baseline 0 -23"><span class='ocrx_word' id='word_1_74' title='bbox 64 1054 185 1141; x_wconf 53' lang='grc' dir='ltr'><strong>ΝΜ·</strong></span> <span class='ocrx_word' id='word_1_75' title='bbox 229 1090 307 1166; x_wconf 79' lang='lat' dir='ltr'><strong>loeo,</strong></span> <span class='ocrx_word' id='word_1_76' title='bbox 333 1089 367 1156; x_wconf 94' lang='lat' dir='ltr'><strong>in</strong></span> <span class='ocrx_word' id='word_1_77' title='bbox 389 1088 502 1178; x_wconf 90' lang='lat' dir='ltr'><strong>quibus</strong></span> <span class='ocrx_word' id='word_1_78' title='bbox 517 1091 603 1159; x_wconf 79' lang='lat' dir='ltr'><strong>nulla</strong></span> <span class='ocrx_word' id='word_1_79' title='bbox 619 1102 668 1160; x_wconf 85' lang='lat' dir='ltr'><strong>est</strong></span> <span class='ocrx_word' id='word_1_80' title='bbox 684 1091 813 1159; x_wconf 77' lang='lat' dir='ltr'><strong>oisitns:</strong></span> <span class='ocrx_word' id='word_1_81' title='bbox 829 1092 923 1171; x_wconf 82' lang='lat' dir='ltr'><strong>sueto,</strong></span> <span class='ocrx_word' id='word_1_82' title='bbox 940 1091 967 1158; x_wconf 87' lang='lat' dir='ltr'><strong>si</strong></span> <span class='ocrx_word' id='word_1_83' title='bbox 984 1085 1102 1158; x_wconf 70' lang='lat' dir='ltr'><strong>&#39;subdiu</strong></span> <span class='ocrx_word' id='word_1_84' title='bbox 1119 1089 1260 1178; x_wconf 77' lang='lat' dir='ltr'><strong>judicem</strong></span> <span class='ocrx_word' id='word_1_85' title='bbox 1277 1111 1340 1156; x_wconf 93' lang='lat' dir='ltr'><strong>non</strong></span> 
     </span>
     <span class='ocr_line' id='line_1_10' title="bbox 86 1189 1073 1282; baseline 0.001 -25"><span class='ocrx_word' id='word_1_86' title='bbox 86 1196 90 1202; x_wconf 83' lang='grc'><em>“</em></span> <span class='ocrx_word' id='word_1_87' title='bbox 228 1189 368 1268; x_wconf 77' lang='lat' dir='ltr'><strong>audient,</strong></span> <span class='ocrx_word' id='word_1_88' title='bbox 384 1200 440 1258; x_wconf 81' lang='lat' dir='ltr'><strong>eut</strong></span> <span class='ocrx_word' id='word_1_89' title='bbox 451 1191 551 1280; x_wconf 82' lang='lat' dir='ltr'><strong>judex</strong></span> <span class='ocrx_word' id='word_1_90' title='bbox 567 1204 679 1281; x_wconf 81' lang='lat' dir='ltr'><strong>operto</strong></span> <span class='ocrx_word' id='word_1_91' title='bbox 695 1193 901 1282; x_wconf 81' lang='lat' dir='ltr'><strong>cognitionem</strong></span> <span class='ocrx_word' id='word_1_92' title='bbox 919 1191 1073 1279; x_wconf 80' lang='lat' dir='ltr'><strong>rejecerit.</strong></span> 
     </span>
    </p>

    <p class='ocr_par' dir='ltr' id='par_1_3' title="bbox 226 1288 1339 2181">
     <span class='ocr_line' id='line_1_11' title="bbox 304 1288 1339 1382; baseline 0 -24"><span class='ocrx_word' id='word_1_93' title='bbox 304 1294 325 1358; x_wconf 83' lang='lat'>2</span> <span class='ocrx_word' id='word_1_94' title='bbox 359 1291 452 1371; x_wconf 89' lang='lat' dir='ltr'><strong>Quod</strong></span> <span class='ocrx_word' id='word_1_95' title='bbox 469 1292 603 1359; x_wconf 74' lang='lat' dir='ltr'><strong>diximus</strong></span> <span class='ocrx_word' id='word_1_96' title='bbox 613 1293 707 1360; x_wconf 79' lang='lat' dir='ltr'><strong>etism</strong></span> <span class='ocrx_word' id='word_1_97' title='bbox 724 1303 795 1382; x_wconf 90' lang='lat' dir='ltr'><strong>post</strong></span> <span class='ocrx_word' id='word_1_98' title='bbox 806 1292 925 1380; x_wconf 79' lang='lat' dir='ltr'><strong>judicia</strong></span> <span class='ocrx_word' id='word_1_99' title='bbox 941 1291 1111 1358; x_wconf 72' lang='lat' dir='ltr'><strong>constituto</strong></span> <span class='ocrx_word' id='word_1_100' title='bbox 1125 1291 1263 1359; x_wconf 73' lang='lat' dir='ltr'><strong>naturali</strong></span> <span class='ocrx_word' id='word_1_101' title='bbox 1273 1288 1339 1379; x_wconf 83' lang='lat' dir='ltr'><strong>juri</strong></span> 
     </span>
     <span class='ocr_line' id='line_1_12' title="bbox 229 1391 1339 1481; baseline 0.002 -24"><span class='ocrx_word' id='word_1_102' title='bbox 229 1413 293 1458; x_wconf 93' lang='lat' dir='ltr'><strong>non</strong></span> <span class='ocrx_word' id='word_1_103' title='bbox 313 1413 493 1480; x_wconf 80' lang='lat' dir='ltr'><strong>repugnare</strong></span> <span class='ocrx_word' id='word_1_104' title='bbox 510 1415 601 1460; x_wconf 90' lang='lat' dir='ltr'><strong>omne</strong></span> <span class='ocrx_word' id='word_1_105' title='bbox 625 1393 739 1460; x_wconf 90' lang='lat' dir='ltr'><strong>bellum</strong></span> <span class='ocrx_word' id='word_1_106' title='bbox 760 1393 929 1481; x_wconf 79' lang='lat' dir='ltr'><strong>priuatum,</strong></span> <span class='ocrx_word' id='word_1_107' title='bbox 950 1391 1046 1458; x_wconf 79' lang='lat' dir='ltr'><strong>etium</strong></span> <span class='ocrx_word' id='word_1_108' title='bbox 1060 1412 1101 1457; x_wconf 84' lang='lat' dir='ltr'><strong>ex</strong></span> <span class='ocrx_word' id='word_1_109' title='bbox 1121 1391 1194 1481; x_wconf 85' lang='lat' dir='ltr'><strong>lege</strong></span> <span class='ocrx_word' id='word_1_110' title='bbox 1216 1392 1339 1459; x_wconf 81' lang='lat' dir='ltr'><strong>Jndaeis</strong></span> 
     </span>
     <span class='ocr_line' id='line_1_13' title="bbox 230 1490 1337 1582; baseline -0.002 -24"><span class='ocrx_word' id='word_1_111' title='bbox 230 1491 306 1558; x_wconf 82' lang='lat' dir='ltr'><strong>dsto</strong></span> <span class='ocrx_word' id='word_1_112' title='bbox 320 1490 451 1581; x_wconf 83' lang='lat' dir='ltr'><strong>intelligi</strong></span> <span class='ocrx_word' id='word_1_113' title='bbox 471 1502 584 1580; x_wconf 89' lang='lat' dir='ltr'><strong>potest,</strong></span> <span class='ocrx_word' id='word_1_114' title='bbox 609 1493 662 1561; x_wconf 91' lang='lat' dir='ltr'><strong>ubi</strong></span> <span class='ocrx_word' id='word_1_115' title='bbox 685 1493 728 1560; x_wconf 87' lang='lat' dir='ltr'><strong>sio</strong></span> <span class='ocrx_word' id='word_1_116' title='bbox 744 1515 802 1582; x_wconf 83' lang='lat' dir='ltr'><strong>per</strong></span> <span class='ocrx_word' id='word_1_117' title='bbox 822 1494 933 1559; x_wconf 87' lang='lat' dir='ltr'><strong>Mosen</strong></span> <span class='ocrx_word' id='word_1_118' title='bbox 956 1491 1044 1557; x_wconf 88' lang='lat' dir='ltr'><strong>Deus</strong></span> <span class='ocrx_word' id='word_1_119' title='bbox 1065 1490 1216 1579; x_wconf 78' lang='lat' dir='ltr'><strong>loquitur,</strong></span> <span class='ocrx_word' id='word_1_120' title='bbox 1233 1492 1337 1559; x_wconf 84' lang='lat' dir='ltr'><strong>Exed.</strong></span> 
     </span>
     <span class='ocr_line' id='line_1_14' title="bbox 228 1591 1338 1681; baseline 0.001 -24"><span class='ocrx_word' id='word_1_121' title='bbox 228 1591 304 1657; x_wconf 80' lang='lat' dir='ltr'><strong>xxii.</strong></span> <span class='ocrx_word' id='word_1_122' title='bbox 323 1594 354 1659; x_wconf 83' lang='lat'><strong>2.</strong></span> <span class='ocrx_word' id='word_1_123' title='bbox 394 1593 434 1660; x_wconf 83' lang='lat' dir='ltr'><strong>Si</strong></span> <span class='ocrx_word' id='word_1_124' title='bbox 448 1594 485 1659; x_wconf 79' lang='lat' dir='ltr'><strong>in</strong></span> <span class='ocrx_word' id='word_1_125' title='bbox 501 1596 665 1678; x_wconf 80' lang='lat' dir='ltr'><strong>effossione</strong></span> <span class='ocrx_word' id='word_1_126' title='bbox 687 1595 900 1681; x_wconf 75' lang='lat' dir='ltr'><strong>deprehensus</strong></span> <span class='ocrx_word' id='word_1_127' title='bbox 906 1595 974 1678; x_wconf 83' lang='lat' dir='ltr'><strong>sur</strong></span> <span class='ocrx_word' id='word_1_128' title='bbox 990 1595 1043 1659; x_wconf 80' lang='lat' dir='ltr'><strong>ito</strong></span> <span class='ocrx_word' id='word_1_129' title='bbox 1058 1594 1283 1679; x_wconf 68' lang='lat' dir='ltr'><strong>percutietur,</strong></span> <span class='ocrx_word' id='word_1_130' title='bbox 1302 1606 1338 1658; x_wconf 84' lang='lat' dir='ltr'><strong>ut</strong></span> 
     </span>
     <span class='ocr_line' id='line_1_15' title="bbox 228 1693 1336 1781; baseline 0.002 -22"><span class='ocrx_word' id='word_1_131' title='bbox 228 1694 402 1769; x_wconf 80' lang='lat' dir='ltr'><strong>meriatur,</strong></span> <span class='ocrx_word' id='word_1_132' title='bbox 418 1716 458 1761; x_wconf 81' lang='lat' dir='ltr'><strong>oe</strong></span> <span class='ocrx_word' id='word_1_133' title='bbox 473 1697 656 1761; x_wconf 70' lang='lat' dir='ltr'><strong>remedie</strong></span> <span class='ocrx_word' id='word_1_134' title='bbox 673 1709 737 1761; x_wconf 85' lang='lat' dir='ltr'><strong>esto</strong></span> <span class='ocrx_word' id='word_1_135' title='bbox 748 1717 932 1781; x_wconf 77' lang='lat' dir='ltr'><strong>percussor,</strong></span> <span class='ocrx_word' id='word_1_136' title='bbox 950 1695 988 1760; x_wconf 85' lang='lat' dir='ltr'><strong>ui</strong></span> <span class='ocrx_word' id='word_1_137' title='bbox 995 1693 1071 1778; x_wconf 86' lang='lat' dir='ltr'><strong>jam</strong></span> <span class='ocrx_word' id='word_1_138' title='bbox 1088 1694 1159 1760; x_wconf 80' lang='lat' dir='ltr'><strong>dieo</strong></span> <span class='ocrx_word' id='word_1_139' title='bbox 1176 1693 1336 1771; x_wconf 63' lang='lat' dir='ltr'><strong>illu-ome,</strong></span> 
     </span>
     <span class='ocr_line' id='line_1_16' title="bbox 229 1792 1336 1872; baseline 0.003 -14"><span class='ocrx_word' id='word_1_140' title='bbox 229 1805 306 1860; x_wconf 82' lang='lat' dir='ltr'><strong>tone</strong></span> <span class='ocrx_word' id='word_1_141' title='bbox 330 1795 415 1861; x_wconf 76' lang='lat' dir='ltr'><strong>enim</strong></span> <span class='ocrx_word' id='word_1_142' title='bbox 437 1817 512 1861; x_wconf 82' lang='lat' dir='ltr'><strong>reus</strong></span> <span class='ocrx_word' id='word_1_143' title='bbox 533 1797 633 1862; x_wconf 82' lang='lat' dir='ltr'><strong>eoedis</strong></span> <span class='ocrx_word' id='word_1_144' title='bbox 658 1798 731 1862; x_wconf 83' lang='lat' dir='ltr'><strong>erit.</strong></span> <span class='ocrx_word' id='word_1_145' title='bbox 781 1794 916 1860; x_wconf 88' lang='lat' dir='ltr'><strong>Omnino</strong></span> <span class='ocrx_word' id='word_1_146' title='bbox 937 1792 1019 1860; x_wconf 89' lang='lat' dir='ltr'><strong>enim</strong></span> <span class='ocrx_word' id='word_1_147' title='bbox 1035 1792 1161 1859; x_wconf 80' lang='lat' dir='ltr'><strong>videtur</strong></span> <span class='ocrx_word' id='word_1_148' title='bbox 1184 1793 1255 1860; x_wconf 76' lang='lat' dir='ltr'><strong>haee</strong></span> <span class='ocrx_word' id='word_1_149' title='bbox 1276 1793 1336 1872; x_wconf 87' lang='lat' dir='ltr'><strong>lex,</strong></span> 
     </span>
     <span class='ocr_line' id='line_1_17' title="bbox 228 1892 1335 1985; baseline 0.004 -27"><span class='ocrx_word' id='word_1_150' title='bbox 228 1901 293 1958; x_wconf 65' lang='lat' dir='ltr'><strong>um</strong></span> <span class='ocrx_word' id='word_1_151' title='bbox 317 1902 463 1961; x_wconf 79' lang='lat' dir='ltr'><strong>aeeurate</strong></span> <span class='ocrx_word' id='word_1_152' title='bbox 486 1893 691 1985; x_wconf 83' lang='lat' dir='ltr'><strong>distinguens,</strong></span> <span class='ocrx_word' id='word_1_153' title='bbox 717 1915 781 1959; x_wconf 94' lang='lat' dir='ltr'><strong>non</strong></span> <span class='ocrx_word' id='word_1_154' title='bbox 806 1893 906 1959; x_wconf 87' lang='lat' dir='ltr'><strong>solum</strong></span> <span class='ocrx_word' id='word_1_155' title='bbox 931 1892 1147 1981; x_wconf 77' lang='lat' dir='ltr'><strong>impunitatem</strong></span> <span class='ocrx_word' id='word_1_156' title='bbox 1175 1892 1335 1972; x_wconf 84' lang='lat' dir='ltr'><strong>indueere,</strong></span> 
     </span>
     <span class='ocr_line' id='line_1_18' title="bbox 227 1992 1336 2082; baseline 0.002 -23"><span class='ocrx_word' id='word_1_157' title='bbox 227 1993 284 2059; x_wconf 84' lang='lat' dir='ltr'><strong>sed</strong></span> <span class='ocrx_word' id='word_1_158' title='bbox 303 1992 357 2080; x_wconf 92' lang='lat' dir='ltr'><strong>jus</strong></span> <span class='ocrx_word' id='word_1_159' title='bbox 380 1994 475 2061; x_wconf 83' lang='lat' dir='ltr'><strong>etism</strong></span> <span class='ocrx_word' id='word_1_160' title='bbox 495 1994 638 2061; x_wconf 78' lang='lat' dir='ltr'><strong>naturale</strong></span> <span class='ocrx_word' id='word_1_161' title='bbox 663 1994 841 2081; x_wconf 77' lang='lat' dir='ltr'><strong>explienr0;</strong></span> <span class='ocrx_word' id='word_1_162' title='bbox 859 2014 961 2081; x_wconf 88' lang='lat' dir='ltr'><strong>neque</strong></span> <span class='ocrx_word' id='word_1_163' title='bbox 981 1993 1107 2060; x_wconf 79' lang='lat' dir='ltr'><strong>fundari</strong></span> <span class='ocrx_word' id='word_1_164' title='bbox 1127 1993 1161 2059; x_wconf 90' lang='lat' dir='ltr'><strong>in</strong></span> <span class='ocrx_word' id='word_1_165' title='bbox 1186 1993 1336 2082; x_wconf 76' lang='lat' dir='ltr'><strong>peculiari</strong></span> 
     </span>
     <span class='ocr_line' id='line_1_19' title="bbox 226 2092 1337 2181; baseline 0.002 -22"><span class='ocrx_word' id='word_1_166' title='bbox 226 2092 331 2181; x_wconf 78' lang='lat' dir='ltr'><strong>aliquo</strong></span> <span class='ocrx_word' id='word_1_167' title='bbox 352 2095 498 2161; x_wconf 77' lang='lat' dir='ltr'><strong>mandato</strong></span> <span class='ocrx_word' id='word_1_168' title='bbox 519 2093 637 2172; x_wconf 84' lang='lat' dir='ltr'><strong>divino,</strong></span> <span class='ocrx_word' id='word_1_169' title='bbox 655 2093 711 2160; x_wconf 89' lang='lat' dir='ltr'><strong>sed</strong></span> <span class='ocrx_word' id='word_1_170' title='bbox 734 2093 767 2159; x_wconf 92' lang='lat' dir='ltr'><strong>in</strong></span> <span class='ocrx_word' id='word_1_171' title='bbox 784 2092 938 2160; x_wconf 82' lang='lat' dir='ltr'><strong>communi</strong></span> <span class='ocrx_word' id='word_1_172' title='bbox 962 2093 1131 2181; x_wconf 70' lang='lat' dir='ltr'><strong>nequitate:</strong></span> <span class='ocrx_word' id='word_1_173' title='bbox 1154 2094 1243 2160; x_wconf 88' lang='lat' dir='ltr'><strong>unde</strong></span> <span class='ocrx_word' id='word_1_174' title='bbox 1260 2093 1337 2161; x_wconf 79' lang='lat' dir='ltr'><strong>nlius</strong></span> 
     </span>
    </p>
   </div>
   <div class='ocr_carea' id='block_1_3' title="bbox 227 2192 1337 2284">
    <p class='ocr_par' dir='ltr' id='par_1_4' title="bbox 227 2192 1337 2284">
     <span class='ocr_line' id='line_1_20' title="bbox 227 2192 1337 2284; baseline 0.001 -24"><span class='ocrx_word' id='word_1_175' title='bbox 227 2192 321 2260; x_wconf 81' lang='lat' dir='ltr'><strong>etium</strong></span> <span class='ocrx_word' id='word_1_176' title='bbox 333 2203 444 2284; x_wconf 87' lang='lat' dir='ltr'><strong>gentes</strong></span> <span class='ocrx_word' id='word_1_177' title='bbox 459 2193 492 2261; x_wconf 91' lang='lat' dir='ltr'><strong>id</strong></span> <span class='ocrx_word' id='word_1_178' title='bbox 508 2203 656 2282; x_wconf 78' lang='lat' dir='ltr'><strong>sequutus</strong></span> <span class='ocrx_word' id='word_1_179' title='bbox 674 2192 822 2262; x_wconf 81' lang='lat' dir='ltr'><strong>videmus.</strong></span> <span class='ocrx_word' id='word_1_180' title='bbox 861 2193 980 2260; x_wconf 87' lang='lat' dir='ltr'><strong>Notum</strong></span> <span class='ocrx_word' id='word_1_181' title='bbox 998 2202 1047 2261; x_wconf 81' lang='lat' dir='ltr'><strong>est</strong></span> <span class='ocrx_word' id='word_1_182' title='bbox 1062 2193 1141 2261; x_wconf 90' lang='lat' dir='ltr'><strong>illud</strong></span> <span class='ocrx_word' id='word_1_183' title='bbox 1155 2214 1217 2262; x_wconf 85' lang='lat' dir='ltr'><strong>xn.</strong></span> <span class='ocrx_word' id='word_1_184' title='bbox 1232 2193 1337 2263; x_wconf 76' lang='lat' dir='ltr'><strong>Tubu·</strong></span> 
     </span>
    </p>
   </div>
   <div class='ocr_carea' id='block_1_4' title="bbox 224 2385 1338 2527">
    <p class='ocr_par' dir='ltr' id='par_1_5' title="bbox 224 2385 1338 2527">
     <span class='ocr_line' id='line_1_21' title="bbox 269 2385 1145 2449; baseline 0 -13"><span class='ocrx_word' id='word_1_185' title='bbox 269 2385 468 2449; x_wconf 62' lang='lat' dir='ltr'><strong>humatam]</strong></span> <span class='ocrx_word' id='word_1_186' title='bbox 488 2387 625 2436; x_wconf 72' lang='lat' dir='ltr'><strong>Servlnssd</strong></span> <span class='ocrx_word' id='word_1_187' title='bbox 640 2402 657 2434; x_wconf 82' lang='lat' dir='ltr'>x</span> <span class='ocrx_word' id='word_1_188' title='bbox 679 2387 756 2435; x_wconf 69' lang='grc' dir='ltr'><strong>ΞΜ·</strong></span> <span class='ocrx_word' id='word_1_189' title='bbox 803 2386 870 2434; x_wconf 76' lang='lat' dir='ltr'><strong>nodis</strong></span> <span class='ocrx_word' id='word_1_190' title='bbox 879 2386 980 2434; x_wconf 69' lang='lat' dir='ltr'><strong>deditam</strong></span> <span class='ocrx_word' id='word_1_191' title='bbox 990 2388 1145 2436; x_wconf 68' lang='lat' dir='ltr'><strong>vindicam.</strong></span> 
     </span>
     <span class='ocr_line' id='line_1_22' title="bbox 224 2461 1338 2527; baseline 0.002 -15"><span class='ocrx_word' id='word_1_192' title='bbox 224 2464 357 2525; x_wconf 58' lang='lat' dir='ltr'><strong>&amp;others</strong></span> <span class='ocrx_word' id='word_1_193' title='bbox 368 2463 651 2523; x_wconf 76' lang='lat' dir='ltr'><strong>ss9):1njeeeremnuum</strong></span> <span class='ocrx_word' id='word_1_194' title='bbox 659 2462 755 2511; x_wconf 78' lang='lat' dir='ltr'><strong>Parce.</strong></span> <span class='ocrx_word' id='word_1_195' title='bbox 847 2463 916 2511; x_wconf 55' lang='grc' dir='ltr'><strong>(Ἕκ</strong></span> <span class='ocrx_word' id='word_1_196' title='bbox 939 2464 1012 2511; x_wconf 74' lang='lat' dir='ltr'><strong>veteri</strong></span> <span class='ocrx_word' id='word_1_197' title='bbox 1026 2463 1086 2524; x_wconf 66' lang='lat' dir='ltr'><strong>jun</strong></span> <span class='ocrx_word' id='word_1_198' title='bbox 1111 2461 1210 2527; x_wconf 78' lang='lat' dir='ltr'><strong>Attieol</strong></span> <span class='ocrx_word' id='word_1_199' title='bbox 1243 2464 1338 2514; x_wconf 67' lang='lat' dir='ltr'><strong>Solone</strong></span> 
     </span>
    </p>
   </div>
   <div class='ocr_carea' id='block_1_5' title="bbox 223 2538 1338 2756">
    <p class='ocr_par' dir='ltr' id='par_1_6' title="bbox 223 2538 1338 2756">
     <span class='ocr_line' id='line_1_23' title="bbox 228 2538 1338 2602; baseline 0.002 -14"><span class='ocrx_word' id='word_1_200' title='bbox 228 2541 364 2588; x_wconf 64' lang='lat' dir='ltr'><strong>Detentus</strong></span> <span class='ocrx_word' id='word_1_201' title='bbox 387 2539 489 2586; x_wconf 74' lang='lat' dir='ltr'><strong>debitum</strong></span> <span class='ocrx_word' id='word_1_202' title='bbox 513 2538 567 2586; x_wconf 70' lang='lat' dir='ltr'><strong>snt</strong></span> <span class='ocrx_word' id='word_1_203' title='bbox 593 2539 628 2586; x_wconf 81' lang='lat' dir='ltr'><strong>Et</strong></span> <span class='ocrx_word' id='word_1_204' title='bbox 651 2553 755 2586; x_wconf 76' lang='lat' dir='ltr'><strong>sermone</strong></span> <span class='ocrx_word' id='word_1_205' title='bbox 803 2538 1338 2602; x_wconf 53' lang='lat' dir='ltr'><strong>verbnlnpudDemosthenAEretadwm</strong></span> 
     </span>
     <span class='ocr_line' id='line_1_24' title="bbox 223 2614 1337 2678; baseline 0.002 -14"><span class='ocrx_word' id='word_1_206' title='bbox 223 2629 279 2664; x_wconf 70' lang='lat' dir='ltr'><strong><em>m</em></strong></span> <span class='ocrx_word' id='word_1_207' title='bbox 288 2615 410 2674; x_wconf 73' lang='lat' dir='ltr'><strong>mjsre:</strong></span> <span class='ocrx_word' id='word_1_208' title='bbox 426 2631 482 2662; x_wconf 76' lang='lat' dir='ltr'><strong>num</strong></span> <span class='ocrx_word' id='word_1_209' title='bbox 492 2629 576 2662; x_wconf 76' lang='lat' dir='ltr'><strong>mnus</strong></span> <span class='ocrx_word' id='word_1_210' title='bbox 585 2615 683 2675; x_wconf 81' lang='lat' dir='ltr'><strong>injectio</strong></span> <span class='ocrx_word' id='word_1_211' title='bbox 693 2614 755 2662; x_wconf 81' lang='lat' dir='ltr'><strong>dici-</strong></span> <span class='ocrx_word' id='word_1_212' title='bbox 808 2615 936 2663; x_wconf 78' lang='lat' dir='ltr'><strong>Timoernt.</strong></span> <span class='ocrx_word' id='word_1_213' title='bbox 951 2629 1008 2678; x_wconf 69' lang='lat' dir='ltr'><strong>pag.</strong></span> <span class='ocrx_word' id='word_1_214' title='bbox 1023 2614 1097 2678; x_wconf 77' lang='lat'>4761:</span> <span class='ocrx_word' id='word_1_215' title='bbox 1119 2618 1150 2664; x_wconf 78' lang='lat' dir='ltr'><strong>st</strong></span> <span class='ocrx_word' id='word_1_216' title='bbox 1165 2617 1214 2676; x_wconf 70' lang='grc' dir='ltr'><strong>μέν</strong></span> <span class='ocrx_word' id='word_1_217' title='bbox 1229 2635 1272 2666; x_wconf 64' lang='grc' dir='ltr'><strong>τις</strong></span> <span class='ocrx_word' id='word_1_218' title='bbox 1285 2617 1337 2678; x_wconf 73' lang='grc' dir='ltr'><strong>μεθ’</strong></span> 
     </span>
     <span class='ocr_line' id='line_1_25' title="bbox 223 2688 1338 2756; baseline 0 -16"><span class='ocrx_word' id='word_1_219' title='bbox 223 2691 692 2755; x_wconf 72' lang='lat' dir='ltr'><strong>oe,quottusuztajuuteoeouoruae</strong></span> <span class='ocrx_word' id='word_1_220' title='bbox 706 2704 755 2737; x_wconf 79' lang='lat' dir='ltr'><strong>rem</strong></span> <span class='ocrx_word' id='word_1_221' title='bbox 804 2689 897 2751; x_wconf 69' lang='grc' dir='ltr'><strong><em>ἡμέραν</em></strong></span> <span class='ocrx_word' id='word_1_222' title='bbox 931 2690 994 2750; x_wconf 69' lang='lat' dir='ltr'><strong>trip</strong></span> <span class='ocrx_word' id='word_1_223' title='bbox 1023 2688 1188 2747; x_wconf 70' lang='grc' dir='ltr'><strong>πεντήκοντα</strong></span> <span class='ocrx_word' id='word_1_224' title='bbox 1224 2693 1338 2756; x_wconf 65' lang='grc' dir='ltr'><strong>δριχμὶ</strong></span> 
     </span>
    </p>
   </div>
   <div class='ocr_carea' id='block_1_6' title="bbox 213 3037 1365 3633">
    <p class='ocr_par' dir='ltr' id='par_1_7' title="bbox 213 3037 1365 3633">
     <span class='ocr_line' id='line_1_26' title="bbox 223 3037 1333 3112; baseline 0 -16"><span class='ocrx_word' id='word_1_225' title='bbox 223 3040 273 3097; x_wconf 85' lang='lat' dir='ltr'><strong>the</strong></span> <span class='ocrx_word' id='word_1_226' title='bbox 287 3040 341 3095; x_wconf 76' lang='lat' dir='ltr'><strong>low</strong></span> <span class='ocrx_word' id='word_1_227' title='bbox 357 3037 448 3094; x_wconf 77' lang='lat' dir='ltr'><strong>which</strong></span> <span class='ocrx_word' id='word_1_228' title='bbox 462 3037 569 3093; x_wconf 84' lang='lat' dir='ltr'><strong>forbids</strong></span> <span class='ocrx_word' id='word_1_229' title='bbox 588 3055 621 3093; x_wconf 90' lang='lat' dir='ltr'><strong>us</strong></span> <span class='ocrx_word' id='word_1_230' title='bbox 639 3042 670 3093; x_wconf 88' lang='lat' dir='ltr'><strong>to</strong></span> <span class='ocrx_word' id='word_1_231' title='bbox 684 3038 751 3094; x_wconf 83' lang='lat' dir='ltr'><strong>seek</strong></span> <span class='ocrx_word' id='word_1_232' title='bbox 766 3055 894 3094; x_wconf 74' lang='lat' dir='ltr'><strong>eunoun</strong></span> <span class='ocrx_word' id='word_1_233' title='bbox 909 3039 947 3112; x_wconf 84' lang='lat' dir='ltr'><strong>by</strong></span> <span class='ocrx_word' id='word_1_234' title='bbox 961 3038 1045 3095; x_wconf 87' lang='lat' dir='ltr'><strong>other</strong></span> <span class='ocrx_word' id='word_1_235' title='bbox 1055 3037 1127 3094; x_wconf 72' lang='lat' dir='ltr'><strong>then</strong></span> <span class='ocrx_word' id='word_1_236' title='bbox 1134 3038 1257 3110; x_wconf 72' lang='lat' dir='ltr'><strong>ludieisl</strong></span> <span class='ocrx_word' id='word_1_237' title='bbox 1271 3056 1333 3112; x_wconf 81' lang='lat' dir='ltr'><strong>pre-</strong></span> 
     </span>
     <span class='ocr_line' id='line_1_27' title="bbox 222 3125 1365 3214; baseline -0.005 -30"><span class='ocrx_word' id='word_1_238' title='bbox 222 3126 363 3198; x_wconf 79' lang='lat' dir='ltr'><strong>coedings,</strong></span> <span class='ocrx_word' id='word_1_239' title='bbox 371 3133 446 3180; x_wconf 89' lang='lat' dir='ltr'><strong>must</strong></span> <span class='ocrx_word' id='word_1_240' title='bbox 455 3125 490 3180; x_wconf 92' lang='lat' dir='ltr'><strong>bo</strong></span> <span class='ocrx_word' id='word_1_241' title='bbox 500 3125 672 3181; x_wconf 83' lang='lat' dir='ltr'><strong>understood</strong></span> <span class='ocrx_word' id='word_1_242' title='bbox 682 3133 712 3180; x_wconf 92' lang='lat' dir='ltr'><strong>to</strong></span> <span class='ocrx_word' id='word_1_243' title='bbox 724 3125 1216 3214; x_wconf 59' lang='lat' dir='ltr'><strong>epplyonlfflenjudieislnidean</strong></span> <span class='ocrx_word' id='word_1_244' title='bbox 1225 3126 1331 3183; x_wconf 80' lang='lat' dir='ltr'><strong>behsd.</strong></span> <span class='ocrx_word' id='word_1_245' title='bbox 1343 3161 1365 3178; x_wconf 57' lang='grc'><strong>»</strong></span> 
     </span>
     <span class='ocr_line' id='line_1_28' title="bbox 221 3187 1330 3286; baseline 0.001 -16"><span class='ocrx_word' id='word_1_246' title='bbox 221 3187 483 3284; x_wconf 60' lang='lat' dir='ltr'><strong>ldfflfldieinl&#39;nid</strong></span> <span class='ocrx_word' id='word_1_247' title='bbox 494 3208 696 3268; x_wconf 62' lang='lat' dir='ltr'><strong>censemur·</strong></span> <span class='ocrx_word' id='word_1_248' title='bbox 707 3200 906 3286; x_wconf 68' lang='lat' dir='ltr'><strong>mementnrily</strong></span> <span class='ocrx_word' id='word_1_249' title='bbox 918 3201 1169 3284; x_wconf 61' lang='lat' dir='ltr'><strong>of&#39;eonti&#39;nuously.</strong></span> <span class='ocrx_word' id='word_1_250' title='bbox 1183 3209 1189 3214; x_wconf 72' lang='grc'><em>”</em></span> <span class='ocrx_word' id='word_1_251' title='bbox 1201 3210 1330 3270; x_wconf 67' lang='lat' dir='ltr'><strong>lenense</strong></span> 
     </span>
     <span class='ocr_line' id='line_1_29' title="bbox 221 3297 1355 3382; baseline 0.001 -26"><span class='ocrx_word' id='word_1_252' title='bbox 221 3300 420 3371; x_wconf 82' lang='lat' dir='ltr'><strong>momeutsrily</strong></span> <span class='ocrx_word' id='word_1_253' title='bbox 438 3298 518 3354; x_wconf 78' lang='lat' dir='ltr'><strong>when</strong></span> <span class='ocrx_word' id='word_1_254' title='bbox 540 3298 590 3354; x_wconf 90' lang='lat' dir='ltr'><strong>the</strong></span> <span class='ocrx_word' id='word_1_255' title='bbox 607 3298 696 3370; x_wconf 79' lang='lat' dir='ltr'><strong>judgo</strong></span> <span class='ocrx_word' id='word_1_256' title='bbox 718 3307 822 3354; x_wconf 82' lang='lat' dir='ltr'><strong>cannot</strong></span> <span class='ocrx_word' id='word_1_257' title='bbox 840 3298 877 3355; x_wconf 90' lang='lat' dir='ltr'><strong>be</strong></span> <span class='ocrx_word' id='word_1_258' title='bbox 898 3299 999 3356; x_wconf 73' lang='lat' dir='ltr'><strong>united</strong></span> <span class='ocrx_word' id='word_1_259' title='bbox 1019 3299 1065 3356; x_wconf 78' lang='lat' dir='ltr'><strong>for</strong></span> <span class='ocrx_word' id='word_1_260' title='bbox 1084 3297 1209 3356; x_wconf 79' lang='lat' dir='ltr'><strong>without</strong></span> <span class='ocrx_word' id='word_1_261' title='bbox 1226 3302 1355 3382; x_wconf 65' lang='lat' dir='ltr'><strong>moins</strong></span> 
     </span>
     <span class='ocr_line' id='line_1_30' title="bbox 220 3386 1326 3460; baseline -0.002 -18"><span class='ocrx_word' id='word_1_262' title='bbox 220 3387 328 3460; x_wconf 80' lang='lat' dir='ltr'><strong>danger</strong></span> <span class='ocrx_word' id='word_1_263' title='bbox 342 3404 375 3441; x_wconf 88' lang='lat' dir='ltr'><strong>or</strong></span> <span class='ocrx_word' id='word_1_264' title='bbox 389 3386 453 3440; x_wconf 89' lang='lat' dir='ltr'><strong>loss.</strong></span> <span class='ocrx_word' id='word_1_265' title='bbox 491 3386 518 3440; x_wconf 88' lang='lat' dir='ltr'><strong>It</strong></span> <span class='ocrx_word' id='word_1_266' title='bbox 537 3402 631 3440; x_wconf 78' lang='lat' dir='ltr'><strong>censes</strong></span> <span class='ocrx_word' id='word_1_267' title='bbox 646 3386 843 3458; x_wconf 84' lang='lat' dir='ltr'><strong>continueusly</strong></span> <span class='ocrx_word' id='word_1_268' title='bbox 861 3386 953 3443; x_wconf 87' lang='lat' dir='ltr'><strong>either</strong></span> <span class='ocrx_word' id='word_1_269' title='bbox 967 3389 999 3442; x_wconf 81' lang='lat' dir='ltr'><strong>de</strong></span> <span class='ocrx_word' id='word_1_270' title='bbox 1013 3388 1079 3459; x_wconf 79' lang='lat' dir='ltr'><strong>jure</strong></span> <span class='ocrx_word' id='word_1_271' title='bbox 1093 3402 1128 3442; x_wconf 85' lang='lat' dir='ltr'><strong>or</strong></span> <span class='ocrx_word' id='word_1_272' title='bbox 1144 3387 1284 3458; x_wconf 79' lang='lat' dir='ltr'><strong>desueto:</strong></span> <span class='ocrx_word' id='word_1_273' title='bbox 1299 3388 1326 3440; x_wconf 77' lang='lat' dir='ltr'><strong>de</strong></span> 
     </span>
     <span class='ocr_line' id='line_1_31' title="bbox 213 3472 1323 3549; baseline -0.003 -19"><span class='ocrx_word' id='word_1_274' title='bbox 213 3476 287 3549; x_wconf 78' lang='lat' dir='ltr'><strong>jure,</strong></span> <span class='ocrx_word' id='word_1_275' title='bbox 300 3473 326 3528; x_wconf 84' lang='lat' dir='ltr'><strong>if</strong></span> <span class='ocrx_word' id='word_1_276' title='bbox 336 3490 392 3546; x_wconf 82' lang='lat' dir='ltr'><strong>nny</strong></span> <span class='ocrx_word' id='word_1_277' title='bbox 407 3489 461 3528; x_wconf 90' lang='lat' dir='ltr'><strong>one</strong></span> <span class='ocrx_word' id='word_1_278' title='bbox 475 3472 512 3528; x_wconf 89' lang='lat' dir='ltr'><strong>be</strong></span> <span class='ocrx_word' id='word_1_279' title='bbox 526 3473 556 3526; x_wconf 89' lang='lat' dir='ltr'><strong>in</strong></span> <span class='ocrx_word' id='word_1_280' title='bbox 573 3490 609 3527; x_wconf 86' lang='lat' dir='ltr'><strong>on</strong></span> <span class='ocrx_word' id='word_1_281' title='bbox 628 3473 770 3528; x_wconf 85' lang='lat' dir='ltr'><strong>unsettled</strong></span> <span class='ocrx_word' id='word_1_282' title='bbox 784 3473 874 3546; x_wconf 82' lang='lat' dir='ltr'><strong>place,</strong></span> <span class='ocrx_word' id='word_1_283' title='bbox 891 3491 922 3529; x_wconf 80' lang='lat' dir='ltr'><strong>os</strong></span> <span class='ocrx_word' id='word_1_284' title='bbox 934 3480 965 3529; x_wconf 82' lang='lat' dir='ltr'><strong>nt</strong></span> <span class='ocrx_word' id='word_1_285' title='bbox 979 3490 1036 3539; x_wconf 83' lang='lat' dir='ltr'><strong>ses,</strong></span> <span class='ocrx_word' id='word_1_286' title='bbox 1050 3474 1080 3528; x_wconf 92' lang='lat' dir='ltr'><strong>in</strong></span> <span class='ocrx_word' id='word_1_287' title='bbox 1094 3489 1113 3528; x_wconf 81' lang='lat' dir='ltr'><strong>n</strong></span> <span class='ocrx_word' id='word_1_288' title='bbox 1130 3472 1237 3540; x_wconf 78' lang='lat' dir='ltr'><strong>desert,</strong></span> <span class='ocrx_word' id='word_1_289' title='bbox 1249 3475 1278 3529; x_wconf 89' lang='lat' dir='ltr'><strong>in</strong></span> <span class='ocrx_word' id='word_1_290' title='bbox 1292 3489 1323 3527; x_wconf 78' lang='lat' dir='ltr'><strong>sn</strong></span> 
     </span>
     <span class='ocr_line' id='line_1_32' title="bbox 220 3558 1321 3633; baseline -0.003 -15"><span class='ocrx_word' id='word_1_291' title='bbox 220 3560 406 3618; x_wconf 80' lang='lat' dir='ltr'><strong>uninhubited</strong></span> <span class='ocrx_word' id='word_1_292' title='bbox 420 3559 519 3623; x_wconf 85' lang='lat' dir='ltr'><strong>island,</strong></span> <span class='ocrx_word' id='word_1_293' title='bbox 534 3576 567 3613; x_wconf 86' lang='lat' dir='ltr'><strong>or</strong></span> <span class='ocrx_word' id='word_1_294' title='bbox 586 3560 616 3613; x_wconf 90' lang='lat' dir='ltr'><strong>in</strong></span> <span class='ocrx_word' id='word_1_295' title='bbox 634 3576 690 3631; x_wconf 82' lang='lat' dir='ltr'><strong>noy</strong></span> <span class='ocrx_word' id='word_1_296' title='bbox 705 3559 788 3615; x_wconf 84' lang='lat' dir='ltr'><strong>other</strong></span> <span class='ocrx_word' id='word_1_297' title='bbox 807 3560 888 3632; x_wconf 83' lang='lat' dir='ltr'><strong>ploce</strong></span> <span class='ocrx_word' id='word_1_298' title='bbox 905 3560 998 3616; x_wconf 79' lang='lat' dir='ltr'><strong>where</strong></span> <span class='ocrx_word' id='word_1_299' title='bbox 1016 3559 1098 3616; x_wconf 88' lang='lat' dir='ltr'><strong>there</strong></span> <span class='ocrx_word' id='word_1_300' title='bbox 1112 3560 1136 3615; x_wconf 89' lang='lat' dir='ltr'><strong>is</strong></span> <span class='ocrx_word' id='word_1_301' title='bbox 1150 3576 1191 3616; x_wconf 87' lang='lat' dir='ltr'><strong>no</strong></span> <span class='ocrx_word' id='word_1_302' title='bbox 1206 3558 1321 3633; x_wconf 72' lang='lat' dir='ltr'><strong>politio]</strong></span> 
     </span>
    </p>
   </div>
   <div class='ocr_carea' id='block_1_7' title="bbox 182 2950 1335 3181">
    <p class='ocr_par' dir='ltr' id='par_1_8' title="bbox 182 2950 1335 3181">
     <span class='ocr_line' id='line_1_33' title="bbox 182 2950 1335 3181; baseline -0.003 -170"><span class='ocrx_word' id='word_1_303' title='bbox 182 2955 281 3181; x_wconf 48' lang='lat' dir='ltr'><strong>[Yet</strong></span> <span class='ocrx_word' id='word_1_304' title='bbox 294 2953 354 3010; x_wconf 86' lang='lat' dir='ltr'><strong>still</strong></span> <span class='ocrx_word' id='word_1_305' title='bbox 371 2952 396 3009; x_wconf 82' lang='lat' dir='ltr'><strong>it</strong></span> <span class='ocrx_word' id='word_1_306' title='bbox 410 2951 557 3008; x_wconf 81' lang='lat' dir='ltr'><strong>continues</strong></span> <span class='ocrx_word' id='word_1_307' title='bbox 576 2956 606 3006; x_wconf 91' lang='lat' dir='ltr'><strong>to</strong></span> <span class='ocrx_word' id='word_1_308' title='bbox 626 2951 714 3016; x_wconf 85' lang='lat' dir='ltr'><strong>exist;</strong></span> <span class='ocrx_word' id='word_1_309' title='bbox 736 2951 849 3025; x_wconf 76' lang='lat' dir='ltr'><strong>nnmely</strong></span> <span class='ocrx_word' id='word_1_310' title='bbox 860 2951 943 3008; x_wconf 86' lang='lat' dir='ltr'><strong>when</strong></span> <span class='ocrx_word' id='word_1_311' title='bbox 956 2951 1052 3026; x_wconf 82' lang='lat' dir='ltr'><strong>public</strong></span> <span class='ocrx_word' id='word_1_312' title='bbox 1062 2950 1168 3023; x_wconf 80' lang='lat' dir='ltr'><strong>justine</strong></span> <span class='ocrx_word' id='word_1_313' title='bbox 1179 2951 1269 3010; x_wconf 82' lang='lat' dir='ltr'><strong>ends:</strong></span> <span class='ocrx_word' id='word_1_314' title='bbox 1291 2952 1335 3009; x_wconf 83' lang='lat' dir='ltr'><strong>for</strong></span> 
     </span>
    </p>
   </div>
   <div class='ocr_carea' id='block_1_8' title="bbox 215 3645 1321 4507">
    <p class='ocr_par' dir='ltr' id='par_1_9' title="bbox 215 3645 1321 3810">
     <span class='ocr_line' id='line_1_34' title="bbox 218 3645 1321 3723; baseline -0.005 -19"><span class='ocrx_word' id='word_1_315' title='bbox 218 3657 420 3723; x_wconf 75' lang='lat' dir='ltr'><strong>govemment:</strong></span> <span class='ocrx_word' id='word_1_316' title='bbox 440 3648 471 3702; x_wconf 82' lang='lat' dir='ltr'><strong>de</strong></span> <span class='ocrx_word' id='word_1_317' title='bbox 478 3650 567 3721; x_wconf 78' lang='lat' dir='ltr'><strong>sueto,</strong></span> <span class='ocrx_word' id='word_1_318' title='bbox 588 3646 614 3700; x_wconf 81' lang='lat' dir='ltr'><strong>if</strong></span> <span class='ocrx_word' id='word_1_319' title='bbox 629 3645 678 3701; x_wconf 84' lang='lat' dir='ltr'><strong>the</strong></span> <span class='ocrx_word' id='word_1_320' title='bbox 696 3646 818 3718; x_wconf 81' lang='lat' dir='ltr'><strong>subjecte</strong></span> <span class='ocrx_word' id='word_1_321' title='bbox 830 3647 867 3703; x_wconf 93' lang='lat' dir='ltr'><strong>do</strong></span> <span class='ocrx_word' id='word_1_322' title='bbox 879 3654 931 3704; x_wconf 92' lang='lat' dir='ltr'><strong>not</strong></span> <span class='ocrx_word' id='word_1_323' title='bbox 943 3648 1016 3721; x_wconf 83' lang='lat' dir='ltr'><strong>obuy</strong></span> <span class='ocrx_word' id='word_1_324' title='bbox 1028 3646 1078 3703; x_wconf 91' lang='lat' dir='ltr'><strong>the</strong></span> <span class='ocrx_word' id='word_1_325' title='bbox 1087 3646 1188 3720; x_wconf 79' lang='lat' dir='ltr'><strong>judge,</strong></span> <span class='ocrx_word' id='word_1_326' title='bbox 1202 3645 1321 3704; x_wconf 79' lang='lat' dir='ltr'><strong>orifths</strong></span> 
     </span>
     <span class='ocr_line' id='line_1_35' title="bbox 215 3733 851 3810; baseline -0.006 -18"><span class='ocrx_word' id='word_1_327' title='bbox 215 3737 305 3810; x_wconf 83' lang='lat' dir='ltr'><strong>judge</strong></span> <span class='ocrx_word' id='word_1_328' title='bbox 319 3735 421 3808; x_wconf 79' lang='lat' dir='ltr'><strong>openly</strong></span> <span class='ocrx_word' id='word_1_329' title='bbox 435 3735 541 3789; x_wconf 83' lang='lat' dir='ltr'><strong>refuses</strong></span> <span class='ocrx_word' id='word_1_330' title='bbox 555 3740 585 3788; x_wconf 88' lang='lat' dir='ltr'><strong>to</strong></span> <span class='ocrx_word' id='word_1_331' title='bbox 596 3733 663 3788; x_wconf 82' lang='lat' dir='ltr'><strong>take</strong></span> <span class='ocrx_word' id='word_1_332' title='bbox 677 3737 851 3805; x_wconf 79' lang='lat' dir='ltr'><strong>eogniznnce.</strong></span> 
     </span>
    </p>

    <p class='ocr_par' dir='ltr' id='par_1_10' title="bbox 216 3819 1318 4507">
     <span class='ocr_line' id='line_1_36' title="bbox 274 3819 1317 3893; baseline 0 -16"><span class='ocrx_word' id='word_1_333' title='bbox 274 3830 292 3877; x_wconf 78' lang='lat'><em>2</em></span> <span class='ocrx_word' id='word_1_334' title='bbox 313 3822 399 3878; x_wconf 81' lang='lat' dir='ltr'><strong>What</strong></span> <span class='ocrx_word' id='word_1_335' title='bbox 414 3840 455 3876; x_wconf 84' lang='lat' dir='ltr'><strong>we</strong></span> <span class='ocrx_word' id='word_1_336' title='bbox 470 3820 541 3874; x_wconf 75' lang='lat' dir='ltr'><strong>hnve</strong></span> <span class='ocrx_word' id='word_1_337' title='bbox 556 3820 625 3884; x_wconf 88' lang='lat' dir='ltr'><strong>snid,</strong></span> <span class='ocrx_word' id='word_1_338' title='bbox 646 3819 709 3876; x_wconf 81' lang='lat' dir='ltr'><strong>thot</strong></span> <span class='ocrx_word' id='word_1_339' title='bbox 728 3838 799 3876; x_wconf 76' lang='lat' dir='ltr'><strong>oven</strong></span> <span class='ocrx_word' id='word_1_340' title='bbox 816 3821 892 3877; x_wconf 84' lang='lat' dir='ltr'><strong>nster</strong></span> <span class='ocrx_word' id='word_1_341' title='bbox 907 3822 1025 3893; x_wconf 81' lang='lat' dir='ltr'><strong>judieinl</strong></span> <span class='ocrx_word' id='word_1_342' title='bbox 1038 3820 1180 3877; x_wconf 72' lang='lat' dir='ltr'><strong>tribunale</strong></span> <span class='ocrx_word' id='word_1_343' title='bbox 1194 3837 1244 3878; x_wconf 77' lang='lat' dir='ltr'><strong>sne</strong></span> <span class='ocrx_word' id='word_1_344' title='bbox 1255 3826 1317 3877; x_wconf 70' lang='lat' dir='ltr'><strong>eso</strong></span> 
     </span>
     <span class='ocr_line' id='line_1_37' title="bbox 218 3907 1318 3983; baseline -0.003 -19"><span class='ocrx_word' id='word_1_345' title='bbox 218 3909 338 3974; x_wconf 88' lang='lat' dir='ltr'><strong>blished,</strong></span> <span class='ocrx_word' id='word_1_346' title='bbox 352 3909 391 3964; x_wconf 89' lang='lat' dir='ltr'><strong>nll</strong></span> <span class='ocrx_word' id='word_1_347' title='bbox 406 3909 513 3979; x_wconf 79' lang='lat' dir='ltr'><strong>private</strong></span> <span class='ocrx_word' id='word_1_348' title='bbox 528 3925 586 3960; x_wconf 76' lang='lat' dir='ltr'><strong>nur</strong></span> <span class='ocrx_word' id='word_1_349' title='bbox 600 3907 622 3961; x_wconf 90' lang='lat' dir='ltr'><strong>is</strong></span> <span class='ocrx_word' id='word_1_350' title='bbox 636 3915 685 3962; x_wconf 93' lang='lat' dir='ltr'><strong>not</strong></span> <span class='ocrx_word' id='word_1_351' title='bbox 696 3920 855 3979; x_wconf 80' lang='lat' dir='ltr'><strong>repugnant</strong></span> <span class='ocrx_word' id='word_1_352' title='bbox 868 3917 899 3965; x_wconf 88' lang='lat' dir='ltr'><strong>to</strong></span> <span class='ocrx_word' id='word_1_353' title='bbox 915 3908 1035 3964; x_wconf 86' lang='lat' dir='ltr'><strong>Nnturnl</strong></span> <span class='ocrx_word' id='word_1_354' title='bbox 1050 3909 1126 3973; x_wconf 76' lang='lat' dir='ltr'><strong>Lau,</strong></span> <span class='ocrx_word' id='word_1_355' title='bbox 1139 3925 1208 3983; x_wconf 72' lang='lat' dir='ltr'><strong>may</strong></span> <span class='ocrx_word' id='word_1_356' title='bbox 1219 3908 1278 3964; x_wconf 74' lang='lat' dir='ltr'><strong>also</strong></span> <span class='ocrx_word' id='word_1_357' title='bbox 1289 3907 1318 3961; x_wconf 83' lang='lat' dir='ltr'><strong>bo</strong></span> 
     </span>
     <span class='ocr_line' id='line_1_38' title="bbox 219 3993 1317 4070; baseline 0.004 -19"><span class='ocrx_word' id='word_1_358' title='bbox 219 3994 391 4052; x_wconf 76' lang='lat' dir='ltr'><strong>undenstoed</strong></span> <span class='ocrx_word' id='word_1_359' title='bbox 406 3996 480 4048; x_wconf 80' lang='lat' dir='ltr'><strong>from</strong></span> <span class='ocrx_word' id='word_1_360' title='bbox 495 3993 543 4049; x_wconf 87' lang='lat' dir='ltr'><strong>the</strong></span> <span class='ocrx_word' id='word_1_361' title='bbox 558 3994 662 4049; x_wconf 83' lang='lat' dir='ltr'><strong>Jewish</strong></span> <span class='ocrx_word' id='word_1_362' title='bbox 675 3995 750 4059; x_wconf 75' lang='lat' dir='ltr'><strong>Low,</strong></span> <span class='ocrx_word' id='word_1_363' title='bbox 764 3996 793 4049; x_wconf 92' lang='lat' dir='ltr'><strong>in</strong></span> <span class='ocrx_word' id='word_1_364' title='bbox 805 3995 895 4051; x_wconf 80' lang='lat' dir='ltr'><strong>which</strong></span> <span class='ocrx_word' id='word_1_365' title='bbox 911 3995 974 4051; x_wconf 90' lang='lat' dir='ltr'><strong>God</strong></span> <span class='ocrx_word' id='word_1_366' title='bbox 987 3994 1052 4051; x_wconf 86' lang='lat' dir='ltr'><strong>thus</strong></span> <span class='ocrx_word' id='word_1_367' title='bbox 1064 3996 1167 4068; x_wconf 72' lang='lat' dir='ltr'><strong>speaks</strong></span> <span class='ocrx_word' id='word_1_368' title='bbox 1178 3996 1317 4070; x_wconf 72' lang='lat' dir='ltr'><strong>1&gt;me</strong></span> 
     </span>
     <span class='ocr_line' id='line_1_39' title="bbox 218 4081 1316 4154; baseline 0.002 -15"><span class='ocrx_word' id='word_1_369' title='bbox 218 4082 308 4139; x_wconf 82' lang='lat' dir='ltr'><strong>Exod.</strong></span> <span class='ocrx_word' id='word_1_370' title='bbox 319 4083 382 4136; x_wconf 83' lang='lat' dir='ltr'><strong>xxii.</strong></span> <span class='ocrx_word' id='word_1_371' title='bbox 394 4089 410 4135; x_wconf 76' lang='lat'><strong>2</strong></span> <span class='ocrx_word' id='word_1_372' title='bbox 420 4103 426 4135; x_wconf 90' lang='lat'>:</span> <span class='ocrx_word' id='word_1_373' title='bbox 450 4082 486 4154; x_wconf 72' lang='grc' dir='ltr'><strong>Ι]</strong></span> <span class='ocrx_word' id='word_1_374' title='bbox 495 4101 513 4134; x_wconf 86' lang='lat' dir='ltr'><em>a</em></span> <span class='ocrx_word' id='word_1_375' title='bbox 525 4082 596 4152; x_wconf 71' lang='lat' dir='ltr'><strong>thies</strong></span> <span class='ocrx_word' id='word_1_376' title='bbox 602 4084 630 4137; x_wconf 82' lang='lat' dir='ltr'><strong>de</strong></span> <span class='ocrx_word' id='word_1_377' title='bbox 636 4084 734 4153; x_wconf 82' lang='lat' dir='ltr'><strong>found</strong></span> <span class='ocrx_word' id='word_1_378' title='bbox 748 4082 876 4154; x_wconf 65' lang='lat' dir='ltr'><strong>breaking]</strong></span> <span class='ocrx_word' id='word_1_379' title='bbox 887 4101 934 4154; x_wconf 84' lang='lat' dir='ltr'><strong>up,</strong></span> <span class='ocrx_word' id='word_1_380' title='bbox 948 4083 1006 4137; x_wconf 79' lang='lat' dir='ltr'><strong>ond</strong></span> <span class='ocrx_word' id='word_1_381' title='bbox 1015 4084 1044 4138; x_wconf 79' lang='lat' dir='ltr'><strong>bo</strong></span> <span class='ocrx_word' id='word_1_382' title='bbox 1054 4085 1163 4140; x_wconf 72' lang='lat' dir='ltr'><strong>emittm</strong></span> <span class='ocrx_word' id='word_1_383' title='bbox 1172 4085 1232 4140; x_wconf 73' lang='lat' dir='ltr'><strong>etot</strong></span> <span class='ocrx_word' id='word_1_384' title='bbox 1239 4084 1270 4139; x_wconf 72' lang='lat' dir='ltr'><strong>le</strong></span> <span class='ocrx_word' id='word_1_385' title='bbox 1277 4081 1316 4141; x_wconf 74' lang='lat' dir='ltr'><strong>dit</strong></span> 
     </span>
     <span class='ocr_line' id='line_1_40' title="bbox 219 4169 1318 4244; baseline -0.002 -17"><span class='ocrx_word' id='word_1_386' title='bbox 219 4173 289 4227; x_wconf 72' lang='lat' dir='ltr'><strong>there</strong></span> <span class='ocrx_word' id='word_1_387' title='bbox 303 4169 374 4226; x_wconf 75' lang='lat' dir='ltr'><strong>stell</strong></span> <span class='ocrx_word' id='word_1_388' title='bbox 389 4188 423 4223; x_wconf 84' lang='lat' dir='ltr'><strong>uo</strong></span> <span class='ocrx_word' id='word_1_389' title='bbox 435 4169 512 4224; x_wconf 83' lang='lat' dir='ltr'><strong>blood</strong></span> <span class='ocrx_word' id='word_1_390' title='bbox 526 4170 554 4223; x_wconf 84' lang='lat' dir='ltr'><strong>bo</strong></span> <span class='ocrx_word' id='word_1_391' title='bbox 571 4169 694 4244; x_wconf 81' lang='lat' dir='ltr'><strong>sledsor</strong></span> <span class='ocrx_word' id='word_1_392' title='bbox 707 4171 782 4224; x_wconf 69' lang='lat' dir='ltr'><strong>lion:</strong></span> <span class='ocrx_word' id='word_1_393' title='bbox 804 4171 835 4244; x_wconf 81' lang='lat' dir='ltr'><strong>is</strong></span> <span class='ocrx_word' id='word_1_394' title='bbox 849 4171 889 4224; x_wconf 79' lang='lat' dir='ltr'><strong>tle</strong></span> <span class='ocrx_word' id='word_1_395' title='bbox 899 4187 951 4224; x_wconf 79' lang='lat' dir='ltr'><strong>eun</strong></span> <span class='ocrx_word' id='word_1_396' title='bbox 966 4171 994 4225; x_wconf 83' lang='lat' dir='ltr'><strong>be</strong></span> <span class='ocrx_word' id='word_1_397' title='bbox 1009 4171 1081 4226; x_wconf 74' lang='lat' dir='ltr'><strong>risen</strong></span> <span class='ocrx_word' id='word_1_398' title='bbox 1097 4189 1175 4243; x_wconf 68' lang='lat' dir='ltr'><strong>upon</strong></span> <span class='ocrx_word' id='word_1_399' title='bbox 1185 4171 1250 4234; x_wconf 70' lang='lat' dir='ltr'><strong>lim,</strong></span> <span class='ocrx_word' id='word_1_400' title='bbox 1260 4170 1318 4225; x_wconf 61' lang='lat' dir='ltr'><strong>tim</strong></span> 
     </span>
     <span class='ocr_line' id='line_1_41' title="bbox 218 4256 1317 4329; baseline -0.003 -15"><span class='ocrx_word' id='word_1_401' title='bbox 218 4259 290 4314; x_wconf 78' lang='lat' dir='ltr'><strong>stell</strong></span> <span class='ocrx_word' id='word_1_402' title='bbox 301 4258 379 4313; x_wconf 78' lang='lat' dir='ltr'><strong>blood</strong></span> <span class='ocrx_word' id='word_1_403' title='bbox 393 4259 421 4312; x_wconf 80' lang='lat' dir='ltr'><strong>de</strong></span> <span class='ocrx_word' id='word_1_404' title='bbox 430 4257 491 4312; x_wconf 79' lang='lat' dir='ltr'><strong>sled</strong></span> <span class='ocrx_word' id='word_1_405' title='bbox 497 4259 550 4329; x_wconf 67' lang='lat' dir='ltr'><strong>Jbr</strong></span> <span class='ocrx_word' id='word_1_406' title='bbox 560 4257 623 4310; x_wconf 73' lang='lat' dir='ltr'><strong>ludu.</strong></span> <span class='ocrx_word' id='word_1_407' title='bbox 663 4256 719 4312; x_wconf 83' lang='lat' dir='ltr'><strong>For</strong></span> <span class='ocrx_word' id='word_1_408' title='bbox 729 4256 785 4312; x_wconf 84' lang='lat' dir='ltr'><strong>this</strong></span> <span class='ocrx_word' id='word_1_409' title='bbox 800 4257 861 4322; x_wconf 77' lang='lat' dir='ltr'><strong>law,</strong></span> <span class='ocrx_word' id='word_1_410' title='bbox 874 4256 988 4329; x_wconf 84' lang='lat' dir='ltr'><strong>making</strong></span> <span class='ocrx_word' id='word_1_411' title='bbox 1002 4257 1110 4313; x_wconf 84' lang='lat' dir='ltr'><strong>senice</strong></span> <span class='ocrx_word' id='word_1_412' title='bbox 1124 4274 1143 4312; x_wconf 85' lang='lat' dir='ltr'><strong>n</strong></span> <span class='ocrx_word' id='word_1_413' title='bbox 1157 4256 1317 4317; x_wconf 76' lang='lat' dir='ltr'><strong>distinction,</strong></span> 
     </span>
     <span class='ocr_line' id='line_1_42' title="bbox 217 4340 1317 4419; baseline -0.002 -17"><span class='ocrx_word' id='word_1_414' title='bbox 217 4362 337 4419; x_wconf 73' lang='lat' dir='ltr'><strong>appones</strong></span> <span class='ocrx_word' id='word_1_415' title='bbox 348 4353 399 4401; x_wconf 93' lang='lat' dir='ltr'><strong>not</strong></span> <span class='ocrx_word' id='word_1_416' title='bbox 413 4344 480 4417; x_wconf 76' lang='lat' dir='ltr'><strong>only</strong></span> <span class='ocrx_word' id='word_1_417' title='bbox 492 4353 522 4400; x_wconf 91' lang='lat' dir='ltr'><strong>to</strong></span> <span class='ocrx_word' id='word_1_418' title='bbox 533 4344 596 4416; x_wconf 77' lang='lat' dir='ltr'><strong>giso</strong></span> <span class='ocrx_word' id='word_1_419' title='bbox 610 4345 749 4418; x_wconf 80' lang='lat' dir='ltr'><strong>impunity</strong></span> <span class='ocrx_word' id='word_1_420' title='bbox 762 4352 792 4400; x_wconf 86' lang='lat' dir='ltr'><strong>to</strong></span> <span class='ocrx_word' id='word_1_421' title='bbox 805 4345 854 4400; x_wconf 87' lang='lat' dir='ltr'><strong>the</strong></span> <span class='ocrx_word' id='word_1_422' title='bbox 865 4345 965 4417; x_wconf 73' lang='lat' dir='ltr'><strong>sloyer,</strong></span> <span class='ocrx_word' id='word_1_423' title='bbox 979 4344 1070 4400; x_wconf 85' lang='lat' dir='ltr'><strong>butte</strong></span> <span class='ocrx_word' id='word_1_424' title='bbox 1082 4343 1198 4418; x_wconf 74' lang='lat' dir='ltr'><strong>explain</strong></span> <span class='ocrx_word' id='word_1_425' title='bbox 1207 4340 1317 4401; x_wconf 62' lang='lat' dir='ltr'><strong>usuro</strong></span> 
     </span>
     <span class='ocr_line' id='line_1_43' title="bbox 216 4429 1317 4507; baseline -0.003 -18"><span class='ocrx_word' id='word_1_426' title='bbox 216 4432 299 4490; x_wconf 73' lang='lat' dir='ltr'><strong>nove:</strong></span> <span class='ocrx_word' id='word_1_427' title='bbox 322 4432 379 4491; x_wconf 80' lang='lat' dir='ltr'><strong>snd</strong></span> <span class='ocrx_word' id='word_1_428' title='bbox 390 4438 442 4490; x_wconf 84' lang='lat' dir='ltr'><strong>not</strong></span> <span class='ocrx_word' id='word_1_429' title='bbox 456 4439 486 4490; x_wconf 91' lang='lat' dir='ltr'><strong>to</strong></span> <span class='ocrx_word' id='word_1_430' title='bbox 504 4431 540 4489; x_wconf 91' lang='lat' dir='ltr'><strong>be</strong></span> <span class='ocrx_word' id='word_1_431' title='bbox 559 4430 687 4489; x_wconf 75' lang='lat' dir='ltr'><strong>founded</strong></span> <span class='ocrx_word' id='word_1_432' title='bbox 702 4433 732 4488; x_wconf 92' lang='lat' dir='ltr'><strong>in</strong></span> <span class='ocrx_word' id='word_1_433' title='bbox 752 4449 808 4507; x_wconf 81' lang='lat' dir='ltr'><strong>nny</strong></span> <span class='ocrx_word' id='word_1_434' title='bbox 823 4432 949 4507; x_wconf 69' lang='lat' dir='ltr'><strong>peculini</strong></span> <span class='ocrx_word' id='word_1_435' title='bbox 965 4430 1061 4489; x_wconf 81' lang='lat' dir='ltr'><strong>divino</strong></span> <span class='ocrx_word' id='word_1_436' title='bbox 1075 4429 1221 4498; x_wconf 60' lang='lat' dir='ltr'><strong>mnndum,</strong></span> <span class='ocrx_word' id='word_1_437' title='bbox 1233 4430 1317 4490; x_wconf 80' lang='lat' dir='ltr'><strong>butio</strong></span> 
     </span>
    </p>
   </div>
   <div class='ocr_carea' id='block_1_9' title="bbox 0 0 1392 4854">
    <p class='ocr_par' dir='ltr' id='par_1_11' title="bbox 0 0 1392 4854">
     <span class='ocr_line' id='line_1_44' title="bbox 0 0 1392 4854; baseline 0 4"><span class='ocrx_word' id='word_1_438' title='bbox 0 0 1392 4854; x_wconf 95' lang='lat' dir='ltr'><strong> </strong></span> 
     </span>
    </p>
   </div>
  </div>
 </body>
</html>
