2774 4854
241 175 307 248 274
398 188 452 246 nn
473 187 751 256 ncomsmoxn
774 185 1008 245 onmmnnm
1027 186 1182 255 neuun,
1227 185 1350 259 [nnn

314 354 408 426 xlx.
459 357 479 422 1
514 352 597 421 Illud
611 375 735 442 quoque
750 353 919 420 observatu
935 375 999 419 nou
1013 351 1193 441 indignum,
1212 353 1350 444 origina-

240 451 321 521 riam
335 453 569 542 acquisitionem
585 454 771 521 censendam
787 455 882 521 etiam
896 475 1002 520 rerum
1019 473 1139 526 earum,
1157 472 1237 537 qum
1253 454 1347 519 domi-

204 594 212 609 =
240 574 318 621 aum
341 554 529 632 habuerunt,
554 555 611 621 sed
633 555 752 620 habere
776 554 950 621 desierunt:
983 562 1061 640 puta
1081 549 1159 638 quia
1186 549 1346 618 derelicta

239 663 323 732 auat,
347 664 404 722 aut
419 655 494 742 quia
509 656 691 722 defecerunt
708 653 842 720 domini:
868 676 941 719 nam
957 654 1025 719 hme
1040 651 1211 718 redierunt
1227 649 1343 717 ineam

238 762 367 832 matum,
383 753 417 820 in
433 776 495 842 quo
513 754 647 841 primum
663 777 715 821 res
731 754 865 821 fueraut

316 855 337 919 2
368 853 433 921 Sed
449 853 525 919 illud
542 854 632 920 simul
649 855 819 920 notandum
836 863 894 931 ost,
910 853 1066 921 interdum
1083 850 1206 942 primas
1221 850 1346 940 aequisi-

237 951 340 1022 tionea
364 952 519 1041 apopulo
541 963 597 1020 aut
619 954 726 1043 populi
750 954 852 1041 eapite
877 955 923 1020 ita
941 954 1048 1030 iactus,
1074 961 1201 1019 utnon
1228 962 1344 1020 tautum

236 1050 411 1139 imperium,
429 1051 463 1118 iu
479 1073 541 1139 quo
556 1053 638 1120 inest
649 1055 703 1140 jus
719 1053 794 1120 illud
812 1054 960 1132 eminens,
980 1054 1099 1139 dequo
1121 1051 1203 1119 alibi
1220 1053 1342 1144 egimus,

235 1151 293 1219 sed
309 1160 343 1218 et
358 1151 518 1240 privatum
534 1153 721 1240 plenumque
738 1152 906 1220 dominium
924 1152 1116 1243 generaliter
1133 1152 1275 1240 primum
1288 1159 1342 1240 'po

235 1250 321 1339 pulo,
337 1260 394 1318 aut
410 1251 477 1338 ejus
492 1253 587 1340 capiti
602 1262 817 1338 quareretur:
838 1264 934 1340 atque
951 1262 987 1319 ut
1003 1251 1117 1318 deinde
1135 1252 1341 1339 particulatim

235 1350 267 1418 in
284 1349 423 1440 privatos
437 1351 482 1416 ita
498 1352 588 1418 fieret
611 1351 799 1427 distributio,
815 1363 851 1418 ut
868 1366 973 1418 tamen
989 1374 1095 1418 eorum
1114 1350 1291 1417 dominium
1306 1353 1340 1417 ab

232 1449 288 1518 illo
303 1450 410 1540 priore
429 1449 564 1516 dominio
581 1450 742 1526 uenderet,
763 1452 869 1518 sinon
885 1462 922 1518 ut
939 1451 992 1537 jus
1008 1448 1118 1515 casalli
1137 1449 1249 1537 ajuro
1268 1451 1341 1516 seni·

233 1549 307 1628 oris,
331 1557 388 1616 aut
407 1548 461 1635 jus
482 1549 756 1636 emphyteuticarii
776 1574 796 1617 a
816 1552 890 1638 jure
914 1550 1126 1639 proprietarii,
1153 1559 1265 1617 tamen
1286 1551 1340 1616 alio

233 1648 369 1736 quodam
395 1648 538 1715 tenuiore
560 1649 661 1724 modo,
686 1662 721 1715 ut
741 1651 846 1716 multos
869 1664 942 1717 sunt
962 1650 1080 1737 species
1099 1648 1188 1736 juris
1212 1650 1247 1716 in
1270 1673 1340 1725 rem,

232 1769 312 1835 quus
328 1747 412 1816 inter
431 1757 531 1815 estet
543 1747 598 1834 jus
620 1749 696 1830 ejus,
718 1750 772 1835 qui
796 1752 854 1816 sub
878 1749 1053 1816 conditione
1072 1747 1339 1817 fideicommissum

151 1866 154 1870 ’
231 1856 404 1936 exspectat.
435 1849 573 1916 Seneca:
590 1852 687 1915 5th‘on
701 1862 748 1915 est
761 1863 996 1935 arpumeatant,
1009 1850 1082 1913 ideo
1099 1849 1240 1932 aliquid
1256 1865 1340 1916 tauta

230 1970 295 2016 aaa
311 1970 386 2025 ecee,
403 1951 486 2036 quia
507 1950 640 2015 vendere
656 1971 720 2014 non
733 1960 835 2034 potes,
859 1950 941 2036 qaia
957 1969 1149 2024 consumme,
1167 1951 1257 2032 qaia
1277 1973 1341 2015 ιιιιι-

231 2061 302 2115 tare
318 2051 356 2114 in
371 2051 514 2115 deterius
528 2061 587 2113 oret
603 2048 798 2113 melitenen
809 2060 909 2136 potes.
951 2049 1059 2112 Tuum
1073 2049 1161 2112 euim
1179 2062 1229 2114 eet
1245 2052 1341 2115 etiam

229 2150 318 2236 qood
340 2149 401 2217 aab
426 2161 517 2215 certa
543 2149 609 2234 lopo
631 2160 724 2212 tuum
749 2160 804 2214 eet.
845 2148 929 2213 Dion
946 2145 1138 2212 Prusaeeusis
1156 2147 1340 2216 Rhodiaca:

272 2333 284 2369 r
298 2324 356 2372 Nea
365 2328 399 2372 αι
407 2320 583 2385 mauman]
598 2320 677 2367 Locus
684 2321 758 2368 estde
808 2326 890 2370 tamen
904 2327 933 2370 ut
947 2336 989 2370 eos
997 2322 1100 2370 vendere
1114 2335 1164 2368 uon
1176 2328 1277 2384 porsete
1294 2325 1341 2370 ..ιι

226 2399 356 2461 Beneficio
366 2413 413 2447 vit.
426 2402 463 2446 12.
494 2398 563 2445 ldcm
576 2397 639 2442 libro
650 2397 757 2457 ejtmdem
808 2400 861 2443 rein
875 2396 923 2452 τήν
938 2397 1018 2443 πόλιν
1035 2396 1172 2444 οικοῦντον
1192 2397 1340 2458 lepodov'hnv

227 2476 365 2538 argumenti
377 2479 471 2531 uetera,
485 2475 556 2529 alt,
570 2471 680 2533 quadam
695 2485 757 2532 qao·
808 2472 892 2528 κύριοι
899 2470 969 2526 πλὴν
978 2471 1026 2517 τοῦ
1034 2470 1202 2529 πιπράσκειν.
1223 2473 1340 2535 Paphio.

226 2551 332 2600 maan
342 2551 387 2598 mh
397 2554 463 2598 certa
472 2548 605 2596 conditione
614 2552 678 2593 runt.
710 2545 758 2607 [At
807 2545 1074 2593 navarreorum.
1102 2544 1132 2592 J.
1141 2546 1175 2593 B.

226 2640 284 2674 ocra
293 2631 350 2672 runt
357 2629 450 2672 tentum
459 2627 553 2684 reptem
564 2623 631 2669 Libri
641 2622 669 2668 de
679 2621 758 2668 Bene-
850 2630 861 2656 ¹
876 2623 916 2668 ⁴td
926 2622 1101 2667 vinieerritatm
1113 2627 1160 2667 aret
1170 2623 1209 2669 od
1219 2622 1338 2671 deniare·

218 2704 297 2763 flciic.
328 2701 408 2749 Locus
417 2706 454 2746 eut
464 2699 548 2746 melem
558 2699 620 2744 libro
635 2703 661 2745 et
671 2698 758 2758 capite,
806 2697 955 2756 crepe-rium
969 2697 1042 2757 redit]
1058 2696 1098 2742 Sic
1108 2710 1138 2742 ex
1151 2695 1218 2743 lihro
1232 2700 1336 2745 ”cnudo

226 2775 484 2840 qnoille,eujusrerha
493 2774 595 2821 intentu
604 2773 757 2820 adferuntur.
808 2772 922 2832 odyssea
932 2771 956 2816 iu
967 2771 1015 2817 tine
1027 2771 1137 2831 colligas,
1152 2772 1220 2820 bont
1233 2774 1287 2835 ejus
1298 2775 1337 2836 qni

224 2853 254 2903 J.
263 2851 311 2914 R]
322 2887 325 2895 ,
805 2847 857 2894 uiue
867 2847 948 2894 liberis
958 2846 1085 2893 decederet
1099 2846 1132 2892 ud
1148 2849 1270 2908 populum
1283 2863 1337 2912 per.

270 2927 282 2958 ¹
298 2927 391 2976 Locum
408 2926 473 2972 torte
489 2923 568 2971 iuveni
586 2924 627 2970 lih.
646 2935 699 2972 ιιι.
714 2921 756 2969 ubi
804 2922 905 2980 naisso,
919 2922 989 2969 etsie
1001 2922 1177 2982 interpretatur
1189 2923 1334 2972 Eustachius

225 3003 308 3067 egitur
323 3004 355 3050 de
369 3002 485 3048 ministris
501 3013 632 3052 sacrorum.
652 3012 754 3058 quorum
804 2999 865 3046 illud
876 2998 976 3046 Homeri
987 2997 1081 3044 iliados
1091 2997 1121 3044 tt.
1137 2998 1298 3062 (ocrr.158)2

225 3080 361 3129 Archelauo
382 3077 502 3134 Pontifex,
526 3076 579 3122 Rex
601 3075 715 3122 Comana
740 3087 756 3120 a
873 3089 1058 3141 xmfflffi
1066 3089 1259 3140 „mm

225 3155 343 3217 Pompeio
352 3153 506 3208 constitutur,
521 3150 632 3197 dominus
646 3156 706 3206 erut,
721 3149 756 3194 ita
871 3150 1255 3205 raucaenmropunetomurou'

280 3396 365 3453 XIX.
402 3401 416 3450 1
436 3396 504 3452 'rhis
519 3397 578 3452 also
595 3399 617 3452 is
631 3397 719 3451 worth
735 3397 899 3466 observing;
917 3395 980 3452 that
994 3395 1075 3452 there
1090 3412 1156 3468 may
1171 3395 1210 3452 bo
1228 3413 1268 3453 an
1282 3397 1335 3454 ori·

223 3484 300 3557 ginnl
315 3484 482 3556 acquisition
502 3483 537 3537 oi
551 3484 630 3538 those
644 3484 737 3554 things
752 3482 843 3536 ulrich
863 3482 935 3536 haro
950 3482 1006 3536 had
1025 3500 1063 3536 an
1077 3499 1181 3546 owner,
1196 3483 1250 3539 but
1265 3483 1335 3539 haro

223 3570 325 3627 caused
340 3577 370 3626 ιο
388 3569 460 3625 haro
475 3586 545 3636 ouo;
568 3587 598 3624 us
619 3570 704 3639 being
725 3569 850 3632 derelict,
868 3586 902 3622 or
922 3568 1042 3623 because
1062 3567 1111 3622 tho
1131 3584 1242 3624 ornere
1267 3570 1335 3624 haro

223 3657 296 3715 been
322 3656 470 3721 removed3
492 3656 538 3711 for
562 3656 632 3712 then
654 3655 747 3727 things
767 3662 865 3710 return
883 3656 943 3709 into
962 3653 1011 3709 tho
1031 3661 1105 3709 stato
1127 3654 1161 3708 of
1181 3661 1287 3711 natura
1308 3657 1336 3710 in

222 3743 314 3799 which
329 3743 397 3815 thoy
412 3760 485 3798 were
497 3749 527 3797 at
539 3743 608 3798 tirsi.

278 3835 296 3884 2
317 3828 386 3884 This
401 3830 461 3884 also
484 3829 506 3884 is
522 3837 551 3883 to
571 3829 608 3884 be
623 3827 726 3891 noted;
745 3826 807 3882 that
828 3827 990 3882 sometimes
1008 3825 1058 3880 the
1076 3825 1137 3881 first
1152 3827 1336 3898 acquisitions

223 3914 258 3969 of
267 3921 402 3986 property
421 3932 470 3969 are
489 3915 572 3969 mado
588 3916 625 3986 by
639 3931 656 3968 a
668 3915 769 3986 pcople
784 3931 817 3968 ur
837 3916 871 3968 its
888 3913 961 3967 head
977 3914 1005 3965 ῑιι
1021 3911 1090 3966 such
1105 3930 1123 3966 a
1137 3929 1260 3970 manner
1275 3917 1336 3971 that

222 4008 274 4055 not
293 4001 360 4072 only
382 4000 431 4055 thu
450 4000 584 4072 lorelship‚
607 4001 750 4072 including
772 4000 834 4056 that
850 3994 898 4073 jue
915 3999 1031 4053 coiineas
1050 3999 1084 4052 uf
1099 3998 1191 4054 which
1207 4017 1250 4056 we
1265 4002 1336 4056 hare

222 4087 338 4159 spoken,
354 4086 400 4152 (B.
410 4101 429 4143 1.
445 4104 469 4142 e,
479 4088 517 4140 iii.
532 4088 580 4154 §vi
591 4087 611 4152 3)
630 4087 681 4141 but
697 4087 758 4142 that
773 4089 832 4141 niso
847 4087 896 4141 the
915 4087 1023 4156 privato
1035 4084 1202 4157 onnorship‚
1217 4103 1276 4142 was
1292 4105 1336 4142 ae·

222 4174 321 4246 quircd
335 4182 364 4228 at
373 4173 432 4228 tirst
441 4174 584 4245 generally
594 4175 638 4228 for
646 4173 694 4228 the
705 4173 805 4245 pcople
815 4191 847 4228 or
857 4175 892 4227 its
902 4171 987 4232 head3
999 4171 1054 4225 and
1063 4171 1131 4225 then
1140 4170 1189 4224 the
1199 4181 1337 4246 property

223 4278 278 4315 was
293 4261 461 4316 distributcd
478 4261 659 4332 particularly
674 4261 702 4313 in
722 4261 824 4332 special
841 4261 894 4314 lots
910 4268 939 4313 to
955 4259 1064 4329 private
1079 4273 1205 4328 persons,
1221 4261 1251 4313 in
1267 4261 1337 4316 such

222 4364 240 4402 a
253 4365 370 4404 manner
383 4347 446 4403 that
458 4347 532 4403 their
541 4347 698 4419 onnership
711 4347 859 4421 dependcd
872 4364 910 4401 on
922 4344 985 4400 that
1000 4344 1106 4399 former
1118 4345 1299 4422 ownership;
1316 4347 1341 4402 it’
