2774 4854
239 216 303 284 138
536 226 652 284 uuum
673 225 858 284 PARTITIO
880 225 1051 285 DUPLEX.
1243 223 1356 297 [lani.

238 388 280 457 da
305 385 413 481 regnis
437 386 546 456 testati
574 386 734 476 leguntur,
767 379 823 456 lid
854 386 1130 458 commendationis
1154 387 1263 479 magis
1292 389 1355 458 mm

236 491 324 578 apud
352 488 500 578 populum
530 488 678 567 habebat,
700 511 795 575 quam
818 511 904 557 verm
929 489 1132 558 alienationis.
1184 489 1298 578 Atque
1322 490 1355 558 id

239 589 281 658 de
298 589 413 657 carelo
429 586 589 678 speciatim
606 588 677 654 Ado
694 598 857 668 memorat,
884 589 1018 658 voluisse
1037 612 1108 658 eum
1125 595 1352 657 testamentum

240 712 330 758 suum
347 713 367 758 a
384 692 578 756 Francorum
602 686 803 776 optimatibus
826 689 1012 757 confirmari.
1065 688 1175 758 Simile
1199 689 1352 779 estquod

74 802 198 862 ‘Mitt
241 790 327 879 apud
356 788 479 858 Livium
509 787 651 878 legimus,
678 789 802 877 Regem
824 790 1033 857 Macedonum
1060 789 1258 878 Philippum,
1283 812 1351 858 cum

243 890 363 959 Persea
379 913 401 958 a
415 911 515 980 regno
531 909 651 968 arcere,
675 897 709 956 ct
725 889 792 976 ejus
809 889 876 956 loco
894 912 1004 980 regem
1020 890 1126 957 lacere
1144 890 1247 959 vellet
1258 889 1350 959 Anti-

239 1013 367 1081 genum,
384 989 493 1057 fratris
508 988 557 1057 sui
573 988 682 1068 filium,
702 990 814 1057 obiisse
830 989 1024 1058 Macedoniae
1040 991 1146 1068 urbes,
1165 993 1223 1059 cut
1238 990 1351 1081 princi·

200 1167 203 1172 .
238 1089 331 1181 pibus
346 1089 541 1180 Antigonum
557 1089 798 1160 commendaret.
1317 1086 1324 1098 “

206 1269 209 1276 Ι
310 1191 333 1258 2
367 1189 436 1258 Nec
452 1190 537 1279 quod
552 1189 636 1256 idcm
657 1190 708 1256 ille
726 1189 903 1258 Ludovicus
922 1191 1034 1259 urbem
1051 1191 1188 1259 Romam
1206 1190 1346 1261 Panchai

236 1289 382 1360 Pontifici
406 1290 579 1358 reddidisse
601 1289 744 1381 ¹lcgitur,
767 1291 809 1358 ad
825 1313 893 1358 rem
913 1292 1000 1371 iacit,
1026 1312 1097 1360 oum
1114 1294 1237 1360 Franci
1257 1292 1346 1382 impe-

236 1390 320 1459 rium
342 1391 376 1458 in
397 1390 507 1457 urbem
529 1391 662 1456 Romam
687 1412 709 1457 a
731 1391 845 1479 popule
860 1393 1005 1460 Romano
1021 1401 1197 1481 acceptum,
1217 1393 1344 1460 reddare

236 1490 362 1559 ’eidem
379 1490 495 1580 populo
515 1498 600 1557 recte
623 1491 801 1578 potuerint:
826 1492 914 1580 eujus
935 1492 1042 1582 populi
1065 1492 1158 1581 quasi
1183 1513 1343 1582 personam

235 1591 460 1676 sustinebatis,
478 1589 533 1679 qui
549 1589 644 1678 primi
660 1591 778 1658 ordinis
794 1591 940 1680 princeps
961 1602 1040 1661 erat.
1179 1597 1183 1604 ’

301 1692 399 1760 xiv.
435 1691 529 1770 Quod
553 1699 659 1757 autom
682 1691 743 1756 huc
765 1713 864 1778 usquo
885 1693 1068 1770 monuimus,
1094 1691 1341 1784 distinguendam

231 1794 304 1860 ‘esse
320 1789 531 1858 summitatem
553 1789 676 1878 imperii
698 1790 739 1857 ab
763 1791 901 1857 habendi
917 1791 1122 1879 plenitudino,
1140 1793 1226 1861 adeo
1242 1815 1340 1862 nemu

233 1899 293 1970 est,
316 1899 353 1960 ut
373 1913 437 1958 non
458 1890 551 1958 mode
574 1891 725 1978 pleraque
747 1889 879 1978 imperia
901 1912 1022 1959 summa
1044 1914 1107 1959 uon
1133 1893 1232 1983 plene
1256 1893 1340 1962 habe·

233 1999 339 2069 antur,
365 1991 421 2058 sed
444 1999 477 2058 et
496 1990 595 2057 multa
615 2012 678 2056 non
695 2010 816 2057 summa
836 1990 1014 2057 habeantur
1030 1991 1145 2080 plene:
1172 2016 1239 2083 que
1262 1993 1339 2062 ital

233 2081 487 2158 “marchionatus
503 2099 537 2158 et
553 2091 717 2157 comitatus
731 2089 851 2157 facibus
868 2111 962 2178 quam
987 2112 1089 2183 regna
1109 2094 1210 2162 rendi
1232 2103 1266 2163 et
1286 2103 1338 2162 tas

233 2199 374 2261 umento
387 2189 523 2279 relinqui
538 2190 668 2258 soleant.

252 2392 255 2397 ,
275 2334 289 2371 ⁵
301 2335 336 2384 Id
343 2334 550 2384 commendationis
557 2334 634 2395 anapia
640 2333 687 2381 eine
697 2333 765 2395 apud
811 2331 944 2397 mandaret]
959 2333 1023 2383 Vade
1032 2347 1084 2384 rem
1096 2335 1277 2402 mnnmapee
1287 2348 1338 2388 ta·

228 2411 344 2476 populata
353 2408 468 2471 inhiat]
485 2410 548 2457 Vide
559 2409 699 2470 Capitnlnm
711 2421 762 2455 xri.
811 2409 933 2457 siodornm
943 2409 997 2458 Lib.
1004 2423 1062 2459 rur.
1073 2413 1147 2474 epist.
1156 2426 1201 2462 ιιι.
1213 2421 1337 2478 atssqu·

231 2487 366 2536 censemus
383 2486 416 2533 ad
437 2484 586 2533 Curisiacum
606 2484 651 2530 sub
673 2483 762 2530 Carolo
811 2485 885 2534 tibus.
916 2487 957 2534 lta
976 2492 1049 2548 pacta
1069 2491 1234 2540 macedonis
1256 2496 1337 2541 m

233 2563 319 2613 Calvo.
340 2560 650 2609 Haereses-testamentum
660 2559 761 2620 Pelagii,
810 2560 875 2607 inter
900 2561 1023 2608 Sanctium
1045 2566 1071 2610 ct
1092 2562 1220 2614 Jacobom
1239 2568 1338 2630 Anago-

231 2653 281 2701 quo
291 2637 433 2699 Hispaniam
443 2636 542 2697 reliquit
553 2636 656 2682 Alienae
671 2641 697 2683 et
713 2637 761 2683 Or·
810 2649 896 2683 nenses
912 2651 927 2682 a
943 2638 1082 2697 proceribus
1098 2639 1209 2690 firmata.
1239 2644 1338 2691 liutans

229 2714 347 2772 misindae,
363 2711 440 2775 [apud
455 2712 598 2769 diminuam,
617 2711 677 2758 Iler.
688 2711 761 2771 Hisp.
809 2710 872 2758 libro
888 2725 938 2759 xrr.
954 2711 1012 2774 (cap
1023 2713 1063 2772 lo)
1078 2718 1106 2762 et
1119 2716 1224 2767 ilenricl
1234 2720 1337 2768 Nam

233 2791 288 2840 nb.
302 2802 348 2837 ru.
362 2786 454 2849 eapti]
470 2794 496 2834 et
510 2788 541 2835 de
555 2787 635 2834 Dania
649 2787 761 2847 quadam
809 2788 874 2849 regia
901 2788 1097 2849 [testamentum
1122 2791 1187 2854 quo]
1210 2793 1337 2843 debanna

229 2865 296 2929 apud
312 2865 440 2912 Saxonum.
470 2863 557 2924 Neque
571 2863 657 2909 mirum
676 2863 761 2924 igitur,
809 2863 1047 2913 instituitheredem.
1069 2865 1141 2913 idem
1158 2867 1337 2919 Marianah'ho

229 2942 339 3004 quaedam
350 2945 495 2988 testamenta
506 2939 659 3000 improbante
669 2939 761 2999 populo
809 2951 871 2986 xm.
890 2940 955 3001 (cap.
967 2939 1009 3000 22)
1021 2946 1047 2988 et
1056 2941 1173 2991 isabellae
1184 2946 1277 3007 regin·
1285 2946 1337 2996 cu-

228 3018 303 3066 taisae
313 3017 389 3073 irrita,
395 3020 424 3062 nt
434 3015 531 3062 Aliensi
541 3017 681 3076 Arragonii.
697 3015 761 3061 Vide
808 3015 883 3063 tellam
902 3016 970 3062 Idem
981 3015 1045 3063 libro
1054 3029 1159 3066 xxsrar.
1170 3020 1239 3084 (cap.
1250 3026 1287 3082 n,
1294 3019 1336 3083 12)

228 3093 364 3144 Mariam
382 3092 444 3138 libro
460 3104 487 3139 1.
513 3091 578 3151 (cap.
595 3091 696 3150 15‚1o.)
726 3091 761 3137 Et
855 3090 973 3138 ¹Prreter
992 3104 1029 3147 en,
1049 3105 1105 3152 quaa
1126 3094 1195 3145 beno
1211 3097 1337 3146 mna

228 3168 328 3221 Aliensi
343 3167 508 3228 Legionensis,
525 3180 579 3212 cum
597 3167 618 3212 is
634 3166 694 3211 litias
709 3165 760 3211 tilio
810 3166 954 3223 Gronovius,
976 3181 1024 3213 non
1042 3174 1126 3228 potest
1144 3171 1196 3219 diei
1211 3172 1336 3221 inomaus

227 3244 384 3308 praetulisset.
415 3242 485 3289 Idem
503 3241 613 3289 blasiano
629 3241 691 3286 libro
709 3252 758 3287 xri.
808 3242 867 3288 Pius
879 3242 1019 3300 reddidisse,
1032 3244 1099 3303 qnod
1113 3259 1252 3310 numquam
1262 3248 1335 3296 Ponti·
1377 3230 1379 3235 Ι

229 3321 304 3384 (Cap.
316 3320 367 3382 15).
591 3373 597 3384 Ι
808 3316 864 3363 dces
871 3317 975 3363 Romani
985 3317 1130 3378 habuerant,
1136 3322 1335 3382 jmaeuioem.

269 3405 281 3432 ⁶
307 3397 340 3447 Ut
354 3394 508 3458 principibus
527 3392 671 3455 Antipatrum
696 3406 758 3439 com·
807 3393 869 3453 perii
882 3393 977 3452 summi,
995 3393 1026 3440 ds
1042 3407 1092 3454 que
1109 3397 1205 3459 agitur.
1235 3400 1334 3450 mm

225 3596 406 3668 accordingly
419 3594 622 3666 Charlomagne
640 3593 751 3649 desired
767 3598 797 3648 to
815 3593 887 3649 hare
899 3593 942 3649 hia
960 3598 1116 3650 testament
1131 3595 1334 3669 eontmeoby

226 3682 276 3742 'tha
294 3681 433 3739 Frankish
450 3683 556 3738 nobles.
606 3681 645 3735 So
663 3680 768 3752 Philip,
785 3680 854 3753 king
874 3681 908 3735 ot
922 3680 1071 3746 Macedon,
1086 3684 1281 3743 commended
1298 3684 1333 3740 aa

225 3771 344 3844 nephec
356 3786 387 3824 as
398 3769 467 3841 king
479 3776 509 3824 to
522 3769 571 3825 the
583 3769 662 3823 citios
672 3769 705 3823 oi
714 3768 889 3823 Macedonia.

278 3863 296 3912 2
322 3857 409 3912 Leuis
424 3858 563 3928 restoring
577 3855 626 3910 tbc
642 3857 699 3928 city
714 3855 747 3910 of
761 3856 895 3909 Remoto
910 3854 990 3926 Popo
1004 3854 1129 3911 Paschal
1144 3857 1171 3914 is
1185 3865 1240 3918 not
1254 3857 1332 3918 teuc

224 3944 305 4016 point
312 3963 321 4007 ;
339 3943 384 3998 for
396 3942 444 3999 the
456 3944 566 3998 Franks
579 3943 669 4014 might
679 3942 812 4014 properly
821 3948 928 3996 restore
938 3948 968 3996 to
979 3942 1029 3997 tho
1038 3942 1156 4000 Roman
1165 3949 1272 4023 people
1280 3946 1332 4004 that

224 4029 369 4102 authority
387 4046 454 4084 orer
471 4029 521 4085 the
539 4032 596 4102 city
616 4030 649 4085 of
667 4031 759 4084 Romo
778 4029 868 4083 which
888 4027 955 4100 thoy
972 4028 1028 4082 had
1046 4030 1183 4089 received
1201 4034 1278 4092 from
1292 4033 1331 4090 tlte

224 4116 336 4172 Roman
351 4117 469 4188 pcoplo;
486 4118 543 4172 and
563 4117 611 4173 the
634 4117 714 4188 Popo
732 4115 823 4187 might
843 4116 879 4170 be
899 4115 1066 4170 considered
1088 4133 1122 4174 cs
1144 4122 1331 4195 repruenn'ng

223 4203 274 4260 the
285 4203 396 4275 people.

276 4291 359 4346 XIV.
398 4291 484 4348 Some
495 4307 603 4364 powers
614 4291 701 4347 lower
713 4292 783 4347 than
795 4291 974 4362 sonercignty
985 4305 1034 4346 nro
1045 4289 1115 4348 held
1124 4294 1297 4372 plenojsm
1306 4306 1329 4349 aa

221 4378 417 4451 marquisntes,
435 4380 571 4444 counties,
592 4379 731 4442 baronias,
753 4397 802 4435 are
826 4378 896 4442 sold,
918 4376 1109 4450 bequeethed,
1135 4398 1171 4439 or
1195 4382 1328 4443 ethernio

221 4465 373 4531 alionated,
388 4466 473 4522 much
488 4482 567 4524 more
580 4467 740 4541 commonly
752 4466 822 4523 than
834 4464 992 4537 kingdoms.
