2774 4854
238 217 302 283 122
532 227 648 285 nanu
669 225 855 284 Ptarmo
876 226 1049 284 DUPIAEX.
1238 225 1349 297 [Μαί.

240 391 301 460 lari
321 391 474 461 dicantur.
520 392 573 462 Sic
596 401 668 483 post
688 394 885 482 Lycurgum,
920 391 1083 483 magisque
1106 401 1178 481 post
1204 393 1349 483 Ephorus

240 494 436 572 constitutos,
470 516 564 584 reges
588 493 898 561 Lacedaemoniorum
928 515 1022 583 reges
1050 493 1186 572 nominc,
1221 516 1286 562 non
1315 517 1349 563 ro

72 611 182 655 anna
191 613 210 653 s
241 593 336 662 luisse
352 593 498 661 dicuntur
515 593 659 683 Polybio,
686 593 866 671 Plutarcho,
894 592 1060 661 ’Cornelio
1075 593 1203 681 Nepoti.
1257 596 1347 676 Quod

72 660 202 757 itiam
241 694 418 784 exemplum
441 694 539 761 secuti
557 703 589 761 et
610 692 692 758 alii
683 715 716 759 ιιι
741 693 874 760 Gracia.
926 694 1099 760 Pausanias
1119 693 1347 764 Corinthiacis·

75 815 168 868 cram
241 796 387 889 Ἀργεῖοι
409 786 490 863 δὲ’
468 824 532 863 ατε
552 794 729 919 ἰσηγορίαν
748 793 802 862 καί
820 822 863 862 το
881 789 1063 872 αὖτόνομον
1084 790 1290 917 ἀγαπῶντες
1311 793 1348 867 ἐκ

240 891 489 978 παλαιοτάτου,
516 891 564 964 ‘roi
581 897 642 975 τῆς
658 891 875 985 ἔξουσίας
824 923 893 963 των
911 888 1125 983 βασιλέων
1097 923 1141 966 ets
1157 891 1349 990 ἐλάχιστον

243 990 484 1119 προσήγαγον,
501 1024 542 1068 ως
519 988 734 1078 μηδενί
685 1024 752 1062 των
767 994 890 1063 Κείσου
908 993 961 1063 καί
979 994 1054 1066 τοῖς
1070 990 1253 1086 ἆπογονοις
1269 991 1291 1079 ἢ
1308 1027 1349 1065 το

132 1188 133 1192 ¹
238 1125 340 1176 ονομα
371 1095 550 1189 λειφθῆναι
581 1091 642 1178 τῆς
670 1091 918 1180 βασιλείας
874 1118 991 1177 μονονε
1023 1096 1188 1182 Aryivt'
1164 1120 1244 1182 yam
1272 1099 1349 1165 olim

239 1195 447 1314 apoolitatis
469 1208 499 1262 et
525 1197 689 1263 libertatis
705 1206 855 1263 amantes
876 1197 1004 1281 sepiam
1017 1208 1216 1282 potestatem
1237 1200 1276 1264 irs
1291 1200 1350 1263 ori-

238 1297 365 1363 m'mam
393 1298 593 1413 redeyerrmt,
623 1297 677 1361 ito
705 1307 743 1360 ut
773 1297 844 1362 coi
866 1296 955 1380 filiis
988 1317 1030 1362 αο
1053 1298 1199 1381 posteras
1226 1311 1350 1384 proter

237 1417 353 1463 comen
377 1399 472 1482 repat
496 1395 586 1460 nihil
612 1395 840 1482 relinquerent.
888 1395 941 1461 Sic
967 1403 1000 1461 et
1026 1393 1112 1483 apud
1138 1394 1287 1463 Cumeos
1311 1397 1350 1464 do

72 1509 200 1605 Μῦν
239 1495 368 1585 regibus
379 1493 537 1582 judicasse
552 1503 695 1561 senatum
713 1504 804 1561 notat
819 1494 1018 1561 Plutarchus
1070 1493 1163 1561 Talia
1176 1517 1283 1586 regna
1298 1518 1349 1563 nc·

74 1613 163 1654 ram.
172 1613 201 1655 m
239 1603 297 1684 gat
313 1595 499 1661 Aristotcles
528 1594 717 1661 constituere
746 1593 906 1682 propriam
935 1593 1071 1682 speciem
1101 1594 1349 1684 gubernationis,

144 1735 146 1738 <
238 1695 314 1782 quia
335 1694 452 1763 seilicet
478 1702 601 1783 partem
627 1703 750 1761 tautmu
774 1694 928 1761 iaciunt
918 1716 953 1762 ιιι
970 1692 1134 1783 republica
1152 1693 1349 1785 optimatium

236 1803 294 1863 aut
309 1793 479 1974 libpuiiluiu
496 1902 530 1962 et
544 1893 578 1961 in
595 1893 717 1983 populis
738 1892 792 1982 qui
814 1901 967 1983 perpetuo
992 1893 1121 1984 regibus
1137 1917 1203 1963 non
1219 1898 1349 1966 subsunt

238 1994 384 2082 exempla
408 1993 551 2061 ridemus
570 1994 679 2083 'quasi
704 1994 888 2082 temporarii
909 1994 1011 2083 regni,
1038 1995 1125 2082 quod
1146 1997 1265 2085 populo
1288 2021 1349 2067 non

197 2093 345 2163 subsit.
397 2094 484 2161 Talis
508 2104 578 2161 erat
604 2103 743 2182 potestas
770 2095 983 2210 hmymonum
1008 2095 1112 2183 ³apud
1143 2096 1284 2177 Cnidios,
1318 2108 1348 2166 et

71 2209 212 2304 {lgwfffl
238 2193 323 2282 apud
340 2195 500 2261 Romanos
516 2194 715 2262 Dictatorum
737 2193 844 2282 primis
865 2193 1067 2281 temporibus,
1091 2217 1162 2262 cum
1185 2198 1230 2265 ad
1251 2221 1349 2314 popu·

70 2266 216 2392 333¹ng-
238 2295 304 2361 lum
319 2295 500 2382 provocatio
516 2317 579 2361 non
596 2303 699 2372 csset3
715 2294 799 2360 undo
810 2293 985 2360 Dictatoris
995 2293 1132 2363 edictum
1149 2317 1210 2384 pro
1223 2299 1349 2366 numine

69 2366 186 2434 ΜΝ
237 2394 437 2462 observatum
458 2395 504 2461 ait
531 2393 649 2472 Livius,
675 2415 777 2481 nequa
794 2415 926 2508 nsquam
948 2393 1096 2460 ullum
1065 2395 1126 2462 msi
1141 2395 1176 2462 in
1192 2418 1272 2466 cura
1293 2421 1349 2488 ps-

70 2514 171 2567 ιιαιμι
180 2517 198 2558 ι.
235 2494 327 2562 rendi
336 2494 504 2561 auxilium:
521 2493 630 2560 Dictat
616 2503 689 2560 tura
703 2493 901 2560 obsessam
871 2515 935 2562 mm
945 2493 1043 2582 rogiae
1052 2496 1218 2583 potestatis
1228 2497 1347 2568 Cicero.

136 2589 160 2638 1·
311 2597 355 2661 13
391 2595 471 2674 Quae
496 2616 554 2683 pro
579 2593 738 2661 contraria
761 2593 919 2661 sententia
941 2593 1129 2662 adferuntur
1148 2610 1347 2688 arguments,

278 2754 290 2785 ¹
305 2755 417 2805 Cornelio
425 2754 514 2817 Nepoti
517 2753 527 2815 1
536 2754 619 2802 Verba
628 2753 712 2815 ipsias,
720 2759 765 2801 snt
813 2754 884 2801 cetui
894 2753 1023 2814 Spartani.
1037 2755 1101 2818 (esp.
1112 2758 1151 2806 21.
1166 2757 1209 2807 Ds
1217 2759 1317 2823 Rapit.)

232 2831 422 2893 quisquisisest,
429 2830 763 2892 quiritusillnstresscripsit,
860 2837 872 2864 ⁸
889 2828 968 2889 Quasi
993 2833 1135 2892 temporarii
1154 2832 1236 2896 requi]
1265 2835 1349 2884 Livias

232 2907 259 2954 ir
273 2907 411 2968 Apeeiicoe
428 2909 496 2968 (esp.
511 2908 550 2960 1).
569 2905 602 2954 Ut
616 2905 676 2950 duos
690 2905 763 2952 lrabe-
815 2904 935 2951 Salinator
949 2905 975 2952 in
986 2906 1096 2954 Censura
1109 2921 1196 2956 omnes
1211 2910 1349 2969 trihus,sx.

231 2987 284 3029 seat
298 2996 364 3043 repes
378 2982 469 3028 nomine
483 2981 560 3041 moyis
574 2995 646 3041 quara
655 2979 763 3040 imperio.
814 2988 886 3043 copta
895 2996 950 3040 ιιιιι,
960 2984 1056 3030 aerarias
1065 2984 1133 3039 fouit,
1145 2999 1175 3032 so
1190 2986 1227 3035 sio
1241 2991 1350 3038 ostendit

232 3058 315 3106 Alibi:
337 3057 570 3105 Lacedaemoniorum
588 3061 666 3102 aretem
678 3056 763 3116 Ayesi·
809 3056 907 3116 jussibi
922 3072 975 3105 csse
988 3059 1263 3122 lnpopulumotnnsrn.
1282 3064 1349 3128 [nto.

233 3133 288 3180 ίοιιν
296 3132 394 3190 mirre,
403 3147 449 3179 nou
456 3131 633 3193 potestatejisit
643 3145 693 3188 rex,
702 3131 764 3178 siout
813 3145 895 3180 xm.
906 3146 961 3194 cap.
970 3133 1024 3196 37].

232 3381 283 3437 tho
296 3398 413 3454 passage
427 3381 502 3438 t‘rom
516 3378 694 3449 Pausanias]
727 3381 791 3437 And
803 3398 834 3438 so
849 3382 899 3439 tho
913 3392 1011 3441 senato
1024 3383 1135 3456 ludged
1152 3385 1187 3441 of
1201 3387 1253 3444 tho
1267 3389 1349 3462 kings

232 3476 263 3523 at
278 3469 376 3533 Cuma,
387 3486 417 3524 as
428 3469 565 3524 Plutarch
579 3476 669 3524 notes.
698 3469 833 3524 Aristotle
846 3470 942 3525 donios
957 3472 1020 3526 that
1034 3470 1105 3526 such
1116 3472 1216 3546 kingly
1229 3491 1348 3546 govern-

232 3562 313 3610 mcnt
327 3556 350 3609 is
364 3573 382 3609 a
397 3556 523 3627 peculiar
540 3556 614 3611 iorm
635 3555 668 3610 os
683 3564 876 3627 gorornmout,
894 3558 971 3614 sinco
986 3557 1047 3613 itis
1065 3556 1133 3630 only
1152 3575 1171 3613 a
1185 3568 1252 3633 part
1267 3563 1299 3618 in
1313 3580 1349 3618 an

230 3641 433 3697 aristocratical
448 3658 481 3697 or
492 3643 691 3697 democratical
705 3644 899 3699 constitution.

288 3734 322 3783 12
345 3729 513 3784 Sometimes
525 3747 566 3784 wo
578 3728 645 3793 lind,
660 3730 689 3782 in
704 3729 819 3800 pcoples
831 3736 882 3784 not
896 3730 1041 3803 generally
1051 3731 1194 3802 governod
1207 3732 1248 3807 by
1258 3735 1349 3808 kings,

230 3815 374 3887 examplcs
389 3814 423 3869 ot
433 3832 452 3870 a
466 3821 628 3888 temporary
646 3815 744 3887 kingly
763 3816 916 3889 authority,
930 3827 982 3874 not
1000 3819 1110 3889 subject
1123 3828 1155 3875 to
1169 3819 1221 3876 tho
1233 3824 1347 3895 peoplc.

231 3901 310 3957 Such
322 3919 378 3956 was
392 3901 441 3956 the
456 3902 600 3973 authority
616 3902 648 3956 of
661 3902 709 3956 the
724 3904 896 3974 Amymones
910 3921 1014 3977 among
1025 3904 1075 3960 the
1088 3906 1233 3972 Cnidians,
1247 3909 1309 3964 and
1320 3910 1354 3964 oi

231 3987 282 4044 tho
293 3989 438 4043 Dictatore
450 3989 479 4042 in
492 3989 541 4043 tho
556 3989 634 4060 carly
652 3991 735 4044 timos
754 3991 788 4044 oi
801 3990 902 4056 Romo,
922 3991 1004 4046 when
1024 3991 1106 4047 thero
1120 4009 1177 4048 was
1192 4010 1231 4049 no
1245 3995 1349 4069 appeel

230 4081 262 4130 to
276 4073 327 4130 tho
341 4075 465 4147 Pooplo:
485 4075 599 4130 whence
618 4076 688 4146 Livy
707 4093 770 4149 says
787 4077 849 4132 that
865 4077 915 4132 tho
933 4078 1008 4133 odiet
1028 4079 1063 4134 of
1075 4079 1126 4135 tha
1143 4080 1281 4138 Dictator
1295 4100 1350 4138 vas

230 4161 339 4234 oboycd
354 4179 385 4217 os
399 4180 417 4216 a
431 4162 524 4216 divino
537 4162 597 4226 law,
607 4162 687 4218 thero
699 4163 784 4233 being
799 4180 837 4218 no
849 4163 946 4219 choico
958 4165 1011 4220 but
1022 4172 1053 4221 to
1065 4165 1147 4240 obey.
1169 4167 1237 4224 And
1250 4169 1350 4226 Cicero

229 4249 331 4321 speaks
345 4249 379 4304 ol
391 4249 440 4305 tho
455 4250 603 4303 Dictaturo
617 4266 648 4303 as
664 4252 832 4321 controlling
844 4250 892 4305 tho
905 4253 983 4323 regal
997 4268 1099 4324 power.

288 4341 321 4391 13
350 4335 412 4391 Tho
425 4344 587 4408 arguments
600 4353 637 4391 on
650 4335 699 4392 tho
709 4338 792 4393 other
803 4339 864 4393 sido
877 4336 952 4406 [that
964 4339 1003 4395 all
1014 4340 1096 4412 kings
1108 4357 1159 4399 uro
1170 4343 1349 4418 responsible

229 4427 261 4484 io
274 4419 325 4481 tho
338 4420 452 4500 pooplo]
466 4440 516 4480 aro
530 4430 581 4479 not
596 4423 714 4480 difficult
726 4431 756 4482 to
767 4442 887 4482 unswcr:
907 4426 953 4481 sor
