2774 4854
433 206 624 263 mussona
647 206 699 261 AD
724 206 943 264 LECTOREM.
1209 222 1269 265 xxv

82 384 208 455 eraut,
230 386 340 444 contra
355 375 388 443 id
405 375 490 465 quod
506 375 603 442 series
620 375 768 442 orationis
785 387 818 444 ct
835 379 990 445 sententia
1013 376 1177 446 manifesto
1199 401 1271 468 pos·

87 479 219 550 talant.
254 477 432 566 Aliquando
448 479 543 544 etiam
561 477 666 565 piures
683 477 866 546 exciderant
883 502 983 559 voees,
1001 500 1125 545 sensum
1143 479 1270 568 plenum

93 578 287 649 efficientes:
309 578 397 666 cujus
411 573 646 671 rapopn'aaror
663 581 806 668 exempla
822 580 929 646 ridere
945 581 1063 668 poteris
1080 581 1184 669 paullo
1200 592 1272 671 post

96 683 209 748 locum
225 679 291 768 jam
310 679 378 768 jam
395 680 545 757 adlatum,
564 681 617 746 ubi
635 681 817 758 monuinms
833 681 866 747 in
884 682 968 747 Χοω
987 683 1017 749 7.
1035 693 1069 747 et
1085 703 1153 770 cap.
1171 704 1270 751 xxm.

103 779 174 848 Lib.
197 781 238 848 11.
262 789 278 869 ξ
296 784 349 847 13.
370 803 455 848 num.
473 784 503 846 1.
527 792 564 847 ut
585 781 724 848 ostendit
739 782 826 848 Nota
844 785 861 847 1
888 781 930 847 ibi
956 780 1107 868 subjecta
1159 785 1271 872 Neque

108 880 191 948 enim
208 882 335 949 ductori
358 881 422 948 ulla
440 893 510 948 crat
526 881 607 948 ratio
624 881 704 948 tales
727 883 899 949 sententias
922 891 1033 970 postea
1048 882 1210 969 ejiciendi:
1238 885 1271 951 in

112 980 194 1069 quod
218 992 292 1049 ante
316 982 421 1049 omnia
442 982 678 1048 adcurat'usime
700 981 913 1069 inquisivimus
940 982 1009 1049 heic
1030 991 1063 1050 et
1086 983 1170 1061 alibi,
1193 1008 1271 1074 quo·

116 1081 297 1172 ticscuurque
313 1083 433 1172 aliquid
449 1104 644 1170 quacumque
667 1081 708 1148 de
724 1104 834 1149 caussa
849 1084 1031 1151 mutandum
1052 1094 1109 1151 aut
1125 1086 1271 1176 supplen-

120 1180 185 1248 dum
201 1184 375 1252 ridebatur.

187 1285 250 1352 Iioc
267 1285 413 1374 primum.
456 1283 560 1365 Quod,
581 1283 724 1372 quamvis
747 1283 778 1349 in
796 1306 830 1352 se
847 1295 1022 1374 spectatum
1047 1309 1109 1352 non
1127 1287 1197 1355 lero
1218 1289 1270 1366 sit,

127 1391 153 1448 et
165 1385 254 1453 solum
271 1386 313 1454 ad
331 1384 605 1453 commendandam
623 1386 801 1452 Editioncm
819 1396 957 1454 nostram
975 1387 1019 1453 sic
1039 1387 1271 1456 satisfacturum

128 1497 202 1553 erat:
224 1510 334 1576 parum
352 1498 458 1554 tamen
475 1496 533 1563 cst,
551 1486 577 1551 si
594 1509 663 1551 cum
681 1486 719 1552 iis
737 1486 926 1565 conseratur,
944 1510 1015 1576 qum
1032 1487 1099 1554 sine
1117 1488 1180 1555 ullo
1194 1511 1272 1555 aux-

128 1579 178 1661 iiio,
199 1600 228 1654 ct
242 1610 284 1654 ex
306 1587 435 1675 proprio
460 1599 568 1652 nostro
592 1588 708 1663 Marte,
732 1588 897 1673 exsequuti
919 1610 1035 1665 sumus,
1058 1599 1124 1655 tum
1146 1589 1178 1654 in
1201 1613 1273 1656 con·

128 1690 211 1765 textu,
229 1701 297 1755 turn
312 1688 346 1754 iu
364 1686 456 1753 Notis
473 1687 623 1753 Auctoris
647 1686 844 1752 recensendis
862 1696 895 1752 et
911 1687 1133 1775 expendendis.
1186 1692 1274 1758 Prae·

127 1781 203 1868 tipua
221 1788 361 1856 breviter
385 1788 654 1855 enumerabimus:
682 1786 765 1853 undo
792 1787 906 1853 Lector
931 1810 1040 1875 aequus
1063 1799 1097 1854 ct
1120 1789 1274 1880 benignus

124 1878 202 1956 tauto
221 1888 364 1978 judicare
390 1888 518 1978 poterit,
545 1910 586 1955 an
609 1909 737 1977 operam
765 1895 904 1954 nostram
932 1888 1017 1954 ultra
1043 1890 1169 1956 modum
1197 1912 1273 1958 reu·

122 1979 250 2057 ditemus

181 2091 281 2181 igitur
295 2113 358 2159 non
375 2113 475 2179 pauca
491 2090 560 2157 loca
574 2089 805 2157 immutavimus
823 2100 880 2157 aut
897 2091 1121 2180 supplevimus,
1145 2115 1217 2181 quse
1239 2092 1273 2161 in

117 2191 252 2260 omnibu
266 2192 464 2259 Editionibus
480 2192 629 2258 mendosa
645 2202 702 2257 aut
716 2212 826 2256 manca
840 2201 942 2268 erant,
960 2201 995 2259 et
1010 2193 1194 2261 adtendenti
1210 2216 1273 2261 nou

114 2300 238 2366 bouum
260 2317 323 2360 non
347 2292 424 2359 talia
447 2292 568 2359 rideri:
593 2292 659 2357 sire
676 2313 766 2357 error
781 2300 839 2358 aut
853 2291 994 2358 desectus
1015 2315 1035 2357 a
1055 2293 1174 2360 calamo
1191 2297 1275 2361 Auc-

113 2385 189 2456 toris
204 2393 299 2482 ipsius
317 2393 381 2461 orti
396 2393 472 2472 sint,
497 2393 563 2459 siro
581 2393 622 2458 ab
644 2392 880 2480 Exscriptorum
905 2401 962 2459 aut
985 2392 1273 2483 Typographorum
1374 2460 1381 2474 ,

111 2477 238 2569 houna,
261 2493 368 2561 oculos
385 2493 547 2569 Auctoris,
572 2493 648 2558 dum
672 2493 788 2579 raptim
807 2493 905 2559 rerba
931 2493 1111 2581 perlustrat,
1134 2495 1167 2561 iu
1183 2517 1275 2585 repe·

111 2580 175 2653 fiiis
198 2595 291 2662 etiam
315 2594 419 2683 operis
444 2593 492 2661 sui
517 2592 758 2670 recensionibus,
789 2603 898 2682 postea
928 2593 1064 2660 fallente.
1118 2596 1275 2684 Exempla

111 2679 314 2763 indicarimus
341 2694 411 2765 Lib.
440 2694 466 2760 1.
496 2715 609 2783 capr.
639 2695 725 2781 516.
748 2716 832 2762 num.
850 2694 882 2771 7,
906 2705 983 2760 nota
1010 2698 1051 2774 93
1089 2705 1123 2763 et
1149 2718 1218 2785 cap.
1237 2718 1273 2764 rr.

111 2784 206 2873 ild,
235 2819 318 2863 num.
347 2799 380 2873 4,
406 2808 482 2863 ηοω
510 2797 550 2865 7:
592 2816 660 2882 cap.
690 2815 736 2860 m.
762 2799 777 2882 q
807 2797 860 2861 ll.
887 2817 970 2860 num.
995 2798 1026 2872 1,
1059 2807 1136 2863 nota
1159 2800 1202 2875 5;
1241 2806 1276 2864 et

111 2888 123 2967 i
152 2894 209 2963 lo.
243 2920 328 2963 num.
353 2900 385 2972 5,
416 2909 492 2962 ηοω
519 2898 548 2962 8.
612 2895 681 2961 Lib.
711 2894 756 2959 ll.
784 2916 850 2983 cap.
883 2916 943 2961 xu.
969 2902 982 2982 5
1010 2898 1063 2973 10,
1090 2906 1165 2964 ηοω
1191 2900 1213 2963 4
1241 2907 1276 2965 et

112 3003 182 3076 (ψ.
199 3018 256 3064 xx.
280 2999 369 3085 540.
387 3019 472 3062 num.
493 3001 524 3071 4,
551 3005 628 3061 ηοω
645 2997 677 3062 1.
734 2995 803 3061 Lib.
827 2997 888 3064 111.
919 3017 988 3082 cap.
1015 3017 1089 3062 xrn.
1117 3006 1132 3085 ξ
1150 3001 1179 3075 1,
1197 3008 1275 3065 ηοω

111 3083 137 3152 ²·
197 3097 259 3164 Sed
289 3119 353 3164 non
380 3096 482 3162 minus
513 3095 688 3162 necessaria
718 3108 787 3160 erat
815 3095 992 3161 emendatio
1017 3109 1073 3164 aut
1103 3098 1222 3165 additio
1242 3097 1276 3164 in

109 3181 181 3259 aliis
202 3196 295 3276 iocis;
332 3197 386 3264 ubi
409 3218 471 3262 non
497 3196 680 3261 monuimus.
735 3195 786 3260 En
810 3195 879 3260 heic
899 3195 993 3260 ctiam
1010 3198 1180 3285 specimina
1200 3220 1277 3265 non·

110 3287 205 3362 nulla.
255 3298 324 3364 Lib.
342 3297 370 3365 I.
395 3318 461 3385 cap.
478 3319 513 3362 ιι.
538 3299 600 3382 ξὸ.
627 3317 709 3360 num.
726 3299 755 3358 4.
783 3294 861 3385 περὶ
884 3297 1024 3388 χρυσίου
1046 3289 1275 3391 ἶιαφέρεσθαι.

109 3377 161 3452 ¹¹⁸
182 3397 341 3475 edidimus,
367 3410 404 3465 ut
420 3397 518 3465 babet
534 3397 805 3473 Pmuosruarus,
831 3395 919 3481 cujus
936 3396 1004 3462 hau
1023 3410 1097 3465 sunt
1115 3400 1220 3482 rerba,
1242 3407 1277 3466 et

108 3476 207 3565 ibim
231 3497 377 3565 Auctoris
399 3497 502 3563 versio
528 3496 685 3586 postulat:
720 3507 816 3561 antea
846 3495 1011 3584 legebatur
1044 3491 1275 3590 διαλέγεσθαι,

106 3597 197 3664 quod
217 3598 363 3664 mendum
385 3597 427 3663 ab
444 3597 594 3663 Editione
616 3596 689 3661 anni
707 3599 805 3663 1632.
829 3596 882 3662 ubi
905 3596 990 3663 locus
1012 3599 1139 3667 additus
1161 3602 1276 3677 iuerat,

105 3680 145 3789 ²t¹
172 3720 277 3764 omnes
299 3708 410 3785 postea
434 3697 596 3762 liditiones
613 3711 833 3787 propagatum.
884 3695 1013 3768 Libii.
1041 3724 1109 3789 cap.
1130 3721 1159 3768 r.
1188 3703 1275 3789 522,

106 3774 155 3851 5¹³
188 3797 419 3865 emendavimus
453 3799 588 3883 Cibyra,
619 3819 660 3863 ex
691 3799 886 3874 Srnanoxs,
918 3799 1000 3864 unde
1030 3801 1169 3866 narratio
1201 3801 1277 3868 sacti

103 3894 212 3965 petia
227 3909 284 3975 est,
307 3920 365 3986 pro
391 3899 531 3984 Libyca,
555 3899 638 3986 quod
656 3922 763 3966 omnes
788 3899 949 3964 Editiones
965 3900 1132 3978 insederat,
1150 3903 1191 3967 ab
1208 3901 1277 3990 ipsa

103 3996 209 4079 ¹¹“lue
222 3999 295 4065 anni
314 4000 414 4073 1032,
434 3997 523 4086 cujus
540 3999 633 4064 etiarn
652 4000 712 4066 hoc
730 4010 800 4065 crat
816 3999 1072 4067 additamentum.
1125 4003 1277 4091 Sequenti

102 4082 114 4162 i
142 4092 204 4166 23.
233 4100 335 4188 prima
362 4098 478 4175 Editio,
506 4110 540 4166 ct
566 4122 673 4167 omncs
702 4100 774 4165 alise
803 4101 954 4166 hactenus
978 4101 1173 4169 habuerant:
1200 4099 1278 4178 roric

100 4184 225 4276 'tinore
247 4197 480 4290 ἀπαγορεύειν,
504 4212 573 4277 cte,
599 4202 651 4265 ubi
674 4223 712 4265 ex
735 4203 950 4267 Anrsronsue
973 4203 1166 4290 reposuimus
1189 4200 1276 4294 α’γο-

98 4294 226 4381 Ρῑῦω,
250 4314 287 4369 ut
303 4325 356 4368 res
381 4301 448 4390 ipsa
467 4300 609 4387 requirit,
637 4314 670 4367 et
688 4301 839 4367 Auctoris
861 4302 1089 4391 interpretatio,
1111 4303 1190 4369 alias
1204 4327 1277 4373 eon·

99 4388 242 4470 “anum
260 4425 383 4471 sensum
411 4401 476 4469 roci
495 4403 617 4470 Graecae
634 4400 789 4468 habitura
838 4403 907 4470 Lib.
925 4405 966 4470 11.
984 4428 1052 4493 cap.
1066 4426 1107 4471 rr.
1127 4408 1177 4491 §3
1194 4405 1278 4472 eirea
