2774 4854
186 198 229 265 46
380 207 435 266 ΔΝ
455 207 633 266 nubetur:
654 207 826 275 UNQUAhI
846 207 1002 266 JUSTUM
1023 207 1096 265 SIT.
1184 204 1263 278 [hun.
1273 207 1300 266 1.

184 381 219 442 ιι
232 396 296 442 non
311 374 440 444 tolient
456 375 574 464 ubsque
590 375 661 467 legs
677 375 785 444 divina
800 375 889 444 nefus
905 375 938 444 in
956 375 1016 443 iilis
1031 382 1193 464 apparent
1242 374 1301 443 Ad

183 474 260 543 illud
275 498 351 543 vero
367 477 451 564 quod
466 477 646 543 Christiane
662 477 714 543 lex
729 478 880 567 praecipit,
902 487 938 546 ut
952 476 1006 544 ulii
1023 497 1081 565 pro
1097 475 1167 543 eliis
1184 476 1299 544 mortis

183 577 321 665 periculo
338 600 395 644 nos
411 578 598 666 objiciamus,
618 581 636 644 1
656 579 678 646 J
680 579 729 644 oh.
746 578 788 644 iii.
806 582 858 645 16.
874 578 944 667 quis
960 579 1045 645 dicut
1058 576 1126 665 ipso
1146 577 1297 644 'nuturae

177 676 253 765 jure
267 701 325 745 nos
340 677 505 768 obligari?
534 678 651 745 destini
668 679 786 746 dietum
803 690 871 747 est:
899 676 942 749 τό
958 674 1047 750 κατὰ
1064 671 1166 773 φύσιν
1182 674 1294 762 βιοῦν,

182 770 311 848 vidire
334 775 597 853 πεπιστευκότος
624 777 729 850 ἐστιν·
756 783 957 849 ”secundum
986 793 1146 847 staturam
1171 781 1295 859 vivere,

182 880 250 965 ejus
266 892 322 956 est,
348 882 406 964 qui
430 881 571 946 nondum
590 883 741 947 credidit.

252 982 275 1046 ³
310 979 375 1046 Sed
390 1000 430 1044 ne
450 978 520 1047 ilios
539 979 664 1067 quidem
685 1001 810 1068 sequor,
834 979 888 1067 qui
904 978 990 1047 eliud
1006 980 1065 1049 sibi
1082 987 1212 1049 sumunt
1227 1004 1294 1050 non

180 1076 339 1169 exiguum,
366 1078 524 1148 Christum
542 1081 658 1148 scilieet
676 1081 709 1147 in
727 1081 887 1148 tradendis
901 1081 1076 1170 preceptis,
1093 1105 1165 1171 quae
1180 1076 1294 1152 extent

180 1179 328 1248 Mutthoei
344 1203 375 1248 v.
393 1190 426 1248 et
442 1181 597 1268 deinceps,
622 1181 828 1271 interpretem
854 1191 976 1248 tuntum
1001 1204 1099 1273 agere
1124 1182 1205 1273 legis
1232 1205 1292 1273 per

180 1281 302 1348 Mosem
331 1283 424 1351 detoe.
472 1281 569 1349 Aliud
592 1282 674 1348 enim
694 1291 808 1348 sonent
823 1282 923 1349 rerba
939 1282 1033 1350 toties
1052 1282 1200 1371 repetito,
1216 1288 1291 1352 Au·

179 1384 279 1450 dietis
302 1386 428 1450 dictum
441 1385 554 1469 scisse
578 1385 764 1450 ueteribus:
788 1385 864 1470 Ego
893 1405 965 1450 cero
989 1387 1064 1450 dieo
1079 1384 1192 1451 vobis:
1215 1407 1290 1473 quae

178 1483 351 1571 oppositio:
376 1482 433 1549 sed
455 1491 489 1549 ct
515 1483 648 1571 Spiucn
669 1492 702 1550 et
728 1483 799 1550 aliae
827 1482 985 1551 versiones
1014 1484 1193 1562 ostendunt,
1210 1483 1291 1553 illud

179 1585 337 1651 veteribus
352 1582 537 1673 significare,
550 1582 593 1649 ud
608 1594 740 1664 veteres,
756 1606 819 1650 non
835 1606 856 1650 ι
871 1583 1050 1665 veteribus3
1067 1594 1105 1651 ut
1120 1586 1212 1653 uobis
1229 1594 1290 1666 est,

178 1682 220 1750 ed
237 1705 303 1762 vos,
324 1706 388 1751 non
417 1706 439 1750 ι
456 1684 554 1750 vobis.
608 1686 742 1752 Veteres
768 1695 873 1752 eutem
902 1685 947 1751 illi
975 1707 1039 1752 non
1065 1684 1120 1752 ulii
1145 1686 1288 1768 fuerunt,

176 1805 271 1872 quum
287 1784 341 1872 qui
367 1784 465 1851 Moris
489 1794 630 1873 temporo
656 1785 825 1853 vivebant:
851 1808 925 1851 nom
955 1808 1026 1874 quoe
1057 1796 1094 1853 ut
1127 1788 1289 1856 veteribus

175 1883 260 1952 dicte
284 1884 466 1964 recitentur,
496 1908 560 1952 non
588 1885 667 1975 legis
695 1885 867 1973 peritorum
894 1895 977 1964 sunt,
1009 1887 1066 1954 scd
1093 1888 1202 1967 Mosis,
1230 1897 1289 1958 eut

175 1986 393 2064 verbotenus,
418 1996 475 2053 unt
497 2008 598 2052 sensu.
649 1987 728 2053 Non
742 1988 877 2063 occides,
898 1985 1000 2056 Exod.
1018 2009 1072 2054 xx.
1092 1991 1145 2055 13.
1190 1992 1287 2067 Quis·

174 2088 251 2172 quie
266 2088 431 2162 occiderit,
450 2088 609 2154 terrebitur
619 2087 758 2172 judicio,
780 2085 880 2152 horit
898 2085 983 2154 xxiv.
1003 2090 1056 2156 21.
1082 2089 1168 2155 Num
1185 2112 1285 2158 xxxv.

175 2187 231 2263 16,
250 2186 303 2268 17,
320 2191 373 2255 30.
399 2190 478 2254 Non
494 2188 714 2264 medeberis,
732 2185 833 2252 Exod.
851 2208 906 2255 xx.
927 2189 979 2254 14.
1014 2191 1170 2277 Quisquis
1185 2192 1288 2259 dimi·

175 2290 257 2354 serit
276 2311 418 2364 uxorem,
439 2289 493 2354 det
519 2290 550 2354 ei
576 2289 721 2352 libellum
738 2289 885 2364 divortii,
903 2288 998 2353 Dent.
1014 2288 1101 2358 xxiv.
1121 2292 1151 2356 1.
1204 2294 1258 2358 N<
1277 2317 1286 2357 ι

168 2388 345 2475 pq'erebris,
370 2389 427 2454 sed
448 2389 564 2454 reddes
590 2388 744 2465 Domino,
770 2408 842 2472 quoe
856 2388 1035 2474 juraveris,
1062 2389 1163 2456 Exod.
1180 2413 1236 2458 xx.
1253 2392 1285 2461 7.

215 2562 226 2593 ¹
241 2563 349 2620 Quidni?
363 2564 463 2610 sirecte
476 2562 518 2623 jus
532 2562 593 2609 illud
608 2561 700 2609 iutelli-
748 2561 864 2623 gomenis,
873 2566 902 2609 nt
912 2561 937 2609 in
950 2563 1023 2612 certis
1032 2564 1177 2626 quibusdem
1187 2567 1284 2615 oedhm

170 2652 264 2701 gnmns.
279 2640 326 2688 Vel
337 2641 473 2701 exemplum
484 2639 650 2695 Ethnicorunr,
657 2639 700 2699 qni
748 2638 858 2685 nonnulli
866 2638 1024 2699 plurimorum
1040 2641 1112 2687 seiuti
1125 2642 1201 2688 ritum
1214 2656 1284 2690 suern

168 2728 215 2775 pro
230 2715 309 2776 putris
324 2730 350 2762 se
364 2715 437 2761 morti
451 2709 607 2770 devorerunt,
620 2714 644 2759 id
659 2727 699 2759 re·
748 2715 847 2760 donent.
879 2715 997 2775 Adeoque
1011 2715 1064 2777 ipsu
1079 2717 1197 2777 obligatio
1214 2718 1283 2766 hisr-

170 2791 242 2839 teuit.
273 2791 385 2838 Postulat
397 2791 495 2838 omnino
507 2790 634 2836 Societutis
644 2802 699 2835 cus·
749 2790 813 2848 tyrii,
825 2789 902 2850 quali·
913 2790 944 2836 nb
954 2791 1081 2853 megetio
1095 2792 1166 2839 nohis
1175 2793 1282 2854 imponi·

168 2866 244 2925 tedis,
259 2867 291 2915 de
308 2881 357 2929 qus
369 2868 463 2915 Auctor
475 2871 558 2912 noster
575 2866 601 2910 in
615 2863 700 2910 Prote·
749 2870 797 2923 tur,
808 2878 824 2911 ι
833 2864 901 2927 Lege
916 2863 1018 2914 Netum
1030 2867 1117 2916 ultimo
1132 2868 1222 2918 deduci
1236 2884 1283 2932 pe-

167 3118 287 3176 dietutes
305 3117 368 3174 thet
388 3117 411 3172 it
430 3117 455 3173 is
472 3116 566 3173 better
583 3122 614 3172 to
632 3115 715 3173 avoid
729 3115 807 3172 them
816 3136 825 3182 ;
842 3115 895 3172 but
910 3122 961 3173 not
975 3115 1046 3174 such
1066 3114 1129 3173 thet
1143 3115 1214 3192 they
1230 3136 1283 3177 nte

165 3222 233 3264 seen
248 3211 279 3260 to
292 3204 329 3260 be
344 3203 472 3258 criminnl
486 3204 606 3260 without
617 3203 667 3260 the
677 3204 771 3259 divine
785 3204 846 3259 lew.

219 3292 320 3365 Agnin,
334 3290 397 3346 who
412 3308 465 3346 eun
476 3309 526 3365 ιιι
541 3291 604 3346 thot
618 3291 688 3346 such
702 3309 720 3346 ι
737 3293 859 3364 Preecpt
873 3307 904 3346 ιι
919 3289 991 3354 thnt,
1006 3296 1020 3346 1
1033 3288 1101 3346 Joh.
1114 3290 1153 3346 iit
1166 3295 1215 3358 16,
1225 3291 1280 3350 We

164 3379 254 3452 ought
275 3387 305 3434 to
319 3378 366 3451 luy
381 3378 463 3433 down
478 3395 531 3434 our
544 3379 612 3433 lives
630 3379 676 3433 for
691 3377 740 3434 the
752 3377 904 3434 brethrenr
926 3379 950 3433 is
962 3377 1080 3449 binding
1094 3377 1132 3451 hy
1143 3377 1195 3435 the
1209 3379 1281 3436 hsw

164 3467 199 3524 οι·
208 3465 339 3522 Nature?
374 3466 592 3537 Justinhlnrtyr
613 3482 676 3537 says
697 3464 760 3519 thot
782 3472 811 3520 to
835 3465 890 3520 lire
910 3465 1062 3537 according
1079 3471 1111 3520 to
1128 3472 1233 3524 nature
1254 3468 1280 3524 is

163 3554 213 3612 the
225 3553 370 3610 condition
382 3553 415 3608 of
430 3552 488 3607 him
503 3552 565 3607 who
581 3551 631 3606 hos
642 3558 694 3607 not
708 3558 756 3623 yet
770 3568 851 3607 come
865 3559 896 3608 to
908 3551 1024 3608 believe.

219 3648 237 3700 3
273 3642 337 3697 Nor
354 3640 456 3696 shsllI
476 3639 570 3695 follow
586 3638 666 3694 those
682 3638 744 3694 who
758 3639 842 3695 muke
856 3638 977 3695 nnother
996 3639 1075 3711 lorge
1088 3641 1280 3714 assumption,

107 3766 109 3771 ·
162 3727 226 3786 thot
238 3729 332 3784 Christ
347 3729 375 3784 in
388 3728 543 3797 deliroring
558 3726 607 3781 tho
621 3731 760 3797 precepts,
779 3726 863 3781 hintt.
881 3745 906 3782 r.
927 3734 957 3782 et
972 3742 1030 3798 sqq.
1047 3726 1070 3781 is
1091 3725 1159 3799 only
1172 3728 1280 3800 speak-

161 3815 211 3887 ing
232 3833 263 3872 ιι
285 3815 335 3871 the
355 3817 527 3888 interpretor
547 3813 581 3868 of
600 3812 648 3867 the
668 3812 721 3866 law
738 3814 821 3884 giren
839 3813 877 3886 by
891 3814 994 3871 Moses.
1031 3813 1089 3869 For
1105 3830 1125 3869 ι
1142 3813 1280 3872 different

161 3903 261 3957 notion
277 3903 300 3956 is
316 3902 466 3973 suggested
478 3903 516 3974 hy
531 3900 580 3955 tho
593 3900 682 3954 words
694 3916 726 3954 so
741 3902 821 3955 often
834 3900 985 3972 repented:
1010 3900 1047 3956 Ye
1068 3902 1134 3956 hene
1151 3901 1242 3959 heard
1255 3904 1280 3961 it

160 3990 223 4044 said
237 3991 271 4061 by
288 3989 357 4043 them
371 3991 408 4060 os
415 3990 462 4044 old
476 3991 554 4043 timer
576 3988 635 4042 But
648 3988 670 4042 I
677 4005 727 4058 say
741 3997 806 4042 ιιιιιο
818 4007 883 4059 you.
921 3987 1026 4044 Where
1041 3987 1091 4045 the
1111 3991 1280 4064 appositione

160 4074 259 4143 rhews,
282 4075 372 4131 which
395 4074 445 4131 the
470 4076 566 4147 Syriae
591 4075 647 4129 und
668 4074 751 4130 other
767 4076 892 4130 versinus
914 4092 1036 4149 express,
1056 4075 1121 4133 thet
1141 4079 1279 4136 ueteribrrs

159 4163 258 4221 rather
271 4179 369 4220 means
381 4173 407 4217 to
420 4164 488 4217 them
500 4165 535 4237 os
547 4162 593 4217 old
613 4163 674 4216 riou
688 4160 760 4216 thnn
774 4164 808 4234 hy
821 4163 906 4224 tbcmr
921 4180 952 4218 us
967 4165 1038 4220 uobis
1048 4181 1147 4221 menne
1164 4173 1194 4221 ιο
1210 4184 1280 4239 you,

159 4257 212 4307 not
224 4254 259 4325 by
266 4270 333 4324 you.
368 4249 433 4305 And
448 4250 528 4305 these
539 4266 606 4304 rnen
618 4249 651 4304 of
660 4249 708 4304 old
729 4251 798 4305 time
816 4267 889 4305 wore
908 4251 987 4307 those
999 4250 1061 4306 who
1080 4249 1156 4307 lived
1171 4258 1206 4319 ιι
1225 4253 1278 4310 the

158 4336 229 4395 tinne
239 4338 391 4395 estrees:
410 4337 456 4393 t'or
468 4336 543 4392 what
554 4338 577 4391 is
589 4336 718 4392 useribed
733 4344 763 4393 to
778 4336 892 4392 themis
906 4343 957 4393 not
970 4336 1019 4394 the
1031 4337 1148 4410 dogmas
1160 4339 1198 4394 ot*
1209 4339 1279 4398 doc-

159 4426 220 4483 ιοιι
238 4425 273 4482 οι
286 4424 338 4483 the
359 4425 421 4494 low,
439 4425 491 4482 but
510 4424 559 4481 the
579 4424 721 4481 doctrines
738 4425 773 4482 ot
790 4425 895 4492 Moses,
915 4423 1007 4482 either
1023 4423 1055 4481 in
1076 4423 1170 4483 words
1192 4443 1228 4486 or
1244 4429 1279 4487 in
