<?xml version="1.0" encoding="UTF-8"?>
<!DOCTYPE html PUBLIC "-//W3C//DTD XHTML 1.0 Transitional//EN"
    "http://www.w3.org/TR/xhtml1/DTD/xhtml1-transitional.dtd">
<html xmlns="http://www.w3.org/1999/xhtml" xml:lang="en" lang="en">
 <head>
  <title>
</title>
<meta http-equiv="Content-Type" content="text/html;charset=utf-8" />
  <meta name='ocr-system' content='tesseract 3.04.00' />
  <meta name='ocr-capabilities' content='ocr_page ocr_carea ocr_par ocr_line ocrx_word'/>
</head>
<body>
  <div class='ocr_page' id='page_1' title='image "./hugonisgrotiide04barbgoog_0332.png"; bbox 0 0 2774 4854; ppageno 0'>
   <div class='ocr_carea' id='block_1_1' title="bbox 87 201 1199 276">
    <p class='ocr_par' dir='ltr' id='par_1_1' title="bbox 87 201 1199 276">
     <span class='ocr_line' id='line_1_1' title="bbox 87 201 1199 276; baseline 0.003 -13"><span class='ocrx_word' id='word_1_1' title='bbox 87 207 157 263; x_wconf 68' lang='grc' dir='ltr'>Ου’.</span> <span class='ocrx_word' id='word_1_2' title='bbox 172 205 226 276; x_wconf 80' lang='lat' dir='ltr'>lt]</span> <span class='ocrx_word' id='word_1_3' title='bbox 373 207 636 265; x_wconf 73' lang='lat' dir='ltr'>conumttltun</span> <span class='ocrx_word' id='word_1_4' title='bbox 660 207 909 266; x_wconf 69' lang='lat' dir='ltr'>computum.</span> <span class='ocrx_word' id='word_1_5' title='bbox 1133 201 1199 266; x_wconf 75' lang='grc'>245</span> 
     </span>
    </p>
   </div>
   <div class='ocr_carea' id='block_1_2' title="bbox 85 365 1340 2257">
    <p class='ocr_par' dir='ltr' id='par_1_2' title="bbox 85 365 1340 2257">
     <span class='ocr_line' id='line_1_2' title="bbox 86 365 1332 476; baseline 0.002 -38"><span class='ocrx_word' id='word_1_6' title='bbox 86 370 254 439; x_wconf 80' lang='lat' dir='ltr'>mittuntur</span> <span class='ocrx_word' id='word_1_7' title='bbox 268 371 375 461; x_wconf 75' lang='lat' dir='ltr'>copim,</span> <span class='ocrx_word' id='word_1_8' title='bbox 392 365 431 440; x_wconf 86' lang='lat' dir='ltr'>¹si</span> <span class='ocrx_word' id='word_1_9' title='bbox 446 370 591 450; x_wconf 87' lang='lat' dir='ltr'>inermes,</span> <span class='ocrx_word' id='word_1_10' title='bbox 609 373 694 460; x_wconf 92' lang='lat' dir='ltr'>quod</span> <span class='ocrx_word' id='word_1_11' title='bbox 711 371 959 463; x_wconf 74' lang='lat' dir='ltr'>Agrippinenses</span> <span class='ocrx_word' id='word_1_12' title='bbox 971 370 1137 442; x_wconf 77' lang='lat' dir='ltr'>Germanis</span> <span class='ocrx_word' id='word_1_13' title='bbox 1153 371 1200 440; x_wconf 90' lang='lat' dir='ltr'>di·</span> <span class='ocrx_word' id='word_1_14' title='bbox 1211 387 1332 476; x_wconf 49' lang='grc' dir='ltr'>ΗΜ</span> 
     </span>
     <span class='ocr_line' id='line_1_3' title="bbox 87 472 1200 565; baseline 0.003 -27"><span class='ocrx_word' id='word_1_15' title='bbox 87 473 219 539; x_wconf 81' lang='lat' dir='ltr'>cebant:</span> <span class='ocrx_word' id='word_1_16' title='bbox 243 495 336 561; x_wconf 87' lang='lat' dir='ltr'>quem</span> <span class='ocrx_word' id='word_1_17' title='bbox 353 495 471 540; x_wconf 86' lang='lat' dir='ltr'>morem</span> <span class='ocrx_word' id='word_1_18' title='bbox 489 472 663 560; x_wconf 79' lang='lat' dir='ltr'>antiquitus</span> <span class='ocrx_word' id='word_1_19' title='bbox 685 474 718 538; x_wconf 94' lang='lat' dir='ltr'>in</span> <span class='ocrx_word' id='word_1_20' title='bbox 736 474 885 541; x_wconf 83' lang='lat' dir='ltr'>Eleorum</span> <span class='ocrx_word' id='word_1_21' title='bbox 909 475 1039 565; x_wconf 79' lang='lat' dir='ltr'>regione</span> <span class='ocrx_word' id='word_1_22' title='bbox 1053 474 1200 542; x_wconf 75' lang='lat' dir='ltr'>obserse-</span> 
     </span>
     <span class='ocr_line' id='line_1_4' title="bbox 87 570 1340 670; baseline 0.001 -31"><span class='ocrx_word' id='word_1_23' title='bbox 87 581 155 639; x_wconf 86' lang='lat' dir='ltr'>tum</span> <span class='ocrx_word' id='word_1_24' title='bbox 175 573 297 639; x_wconf 79' lang='lat' dir='ltr'>noterit</span> <span class='ocrx_word' id='word_1_25' title='bbox 319 573 454 640; x_wconf 79' lang='lat' dir='ltr'>Strabo:</span> <span class='ocrx_word' id='word_1_26' title='bbox 477 573 504 639; x_wconf 91' lang='lat' dir='ltr'>si</span> <span class='ocrx_word' id='word_1_27' title='bbox 525 570 666 660; x_wconf 76' lang='lat' dir='ltr'>impense</span> <span class='ocrx_word' id='word_1_28' title='bbox 689 574 890 652; x_wconf 81' lang='lat' dir='ltr'>transeuntis,</span> <span class='ocrx_word' id='word_1_29' title='bbox 914 574 941 641; x_wconf 92' lang='lat' dir='ltr'>is</span> <span class='ocrx_word' id='word_1_30' title='bbox 962 575 1016 662; x_wconf 90' lang='lat' dir='ltr'>qui</span> <span class='ocrx_word' id='word_1_31' title='bbox 1033 574 1198 641; x_wconf 71' lang='lat' dir='ltr'><strong>transitum</strong></span> <span class='ocrx_word' id='word_1_32' title='bbox 1211 580 1340 670; x_wconf 48' lang='lat' dir='ltr'>&amp;rste</span> 
     </span>
     <span class='ocr_line' id='line_1_5' title="bbox 87 672 1199 760; baseline 0.003 -22"><span class='ocrx_word' id='word_1_33' title='bbox 87 673 237 748; x_wconf 85' lang='lat' dir='ltr'>concedit,</span> <span class='ocrx_word' id='word_1_34' title='bbox 262 672 320 738; x_wconf 89' lang='lat' dir='ltr'>sibi</span> <span class='ocrx_word' id='word_1_35' title='bbox 340 673 488 760; x_wconf 74' lang='lat' dir='ltr'>presidin</span> <span class='ocrx_word' id='word_1_36' title='bbox 512 672 625 738; x_wconf 79' lang='lat' dir='ltr'>idonee</span> <span class='ocrx_word' id='word_1_37' title='bbox 646 673 819 741; x_wconf 79' lang='lat' dir='ltr'>conducat:</span> <span class='ocrx_word' id='word_1_38' title='bbox 851 673 905 741; x_wconf 78' lang='lat' dir='ltr'>msi</span> <span class='ocrx_word' id='word_1_39' title='bbox 927 674 1052 741; x_wconf 86' lang='lat' dir='ltr'>obsides</span> <span class='ocrx_word' id='word_1_40' title='bbox 1074 673 1199 753; x_wconf 84' lang='lat' dir='ltr'>dentur,</span> 
     </span>
     <span class='ocr_line' id='line_1_6' title="bbox 87 772 1201 862; baseline 0 -25"><span class='ocrx_word' id='word_1_41' title='bbox 87 773 171 860; x_wconf 88' lang='lat' dir='ltr'>quod</span> <span class='ocrx_word' id='word_1_42' title='bbox 189 794 209 838; x_wconf 88' lang='lat' dir='ltr'>n</span> <span class='ocrx_word' id='word_1_43' title='bbox 226 773 389 838; x_wconf 79' lang='lat' dir='ltr'><strong>Demetrio</strong></span> <span class='ocrx_word' id='word_1_44' title='bbox 405 773 553 839; x_wconf 74' lang='lat' dir='ltr'><strong>Seleucus</strong></span> <span class='ocrx_word' id='word_1_45' title='bbox 569 773 756 860; x_wconf 73' lang='lat' dir='ltr'>postulabat,</span> <span class='ocrx_word' id='word_1_46' title='bbox 772 785 809 841; x_wconf 93' lang='lat' dir='ltr'>ut</span> <span class='ocrx_word' id='word_1_47' title='bbox 825 796 895 841; x_wconf 88' lang='lat' dir='ltr'>eum</span> <span class='ocrx_word' id='word_1_48' title='bbox 913 774 998 841; x_wconf 81' lang='lat' dir='ltr'>intre</span> <span class='ocrx_word' id='word_1_49' title='bbox 1012 772 1060 840; x_wconf 87' lang='lat' dir='ltr'>sui</span> <span class='ocrx_word' id='word_1_50' title='bbox 1075 772 1201 862; x_wconf 85' lang='lat' dir='ltr'>imperii</span> 
     </span>
     <span class='ocr_line' id='line_1_7' title="bbox 87 871 1201 961; baseline 0.004 -25"><span class='ocrx_word' id='word_1_51' title='bbox 87 873 164 936; x_wconf 86' lang='lat' dir='ltr'>tinen</span> <span class='ocrx_word' id='word_1_52' title='bbox 181 872 351 938; x_wconf 72' lang='lat' dir='ltr'>subsistere</span> <span class='ocrx_word' id='word_1_53' title='bbox 372 871 499 941; x_wconf 80' lang='lat' dir='ltr'>sineret</span> <span class='ocrx_word' id='word_1_54' title='bbox 552 872 605 938; x_wconf 89' lang='lat' dir='ltr'>Sic</span> <span class='ocrx_word' id='word_1_55' title='bbox 622 872 718 939; x_wconf 84' lang='lat' dir='ltr'>etism</span> <span class='ocrx_word' id='word_1_56' title='bbox 738 883 841 940; x_wconf 87' lang='lat' dir='ltr'>metus</span> <span class='ocrx_word' id='word_1_57' title='bbox 856 874 898 940; x_wconf 83' lang='lat' dir='ltr'>ub</span> <span class='ocrx_word' id='word_1_58' title='bbox 915 896 953 941; x_wconf 93' lang='lat' dir='ltr'>cn</span> <span class='ocrx_word' id='word_1_59' title='bbox 974 873 1008 940; x_wconf 92' lang='lat' dir='ltr'>in</span> <span class='ocrx_word' id='word_1_60' title='bbox 1025 893 1118 961; x_wconf 90' lang='lat' dir='ltr'>quem</span> <span class='ocrx_word' id='word_1_61' title='bbox 1134 872 1201 941; x_wconf 88' lang='lat' dir='ltr'>bel·</span> 
     </span>
     <span class='ocr_line' id='line_1_8' title="bbox 86 970 1201 1061; baseline 0.004 -26"><span class='ocrx_word' id='word_1_62' title='bbox 86 971 150 1036; x_wconf 91' lang='lat' dir='ltr'>lum</span> <span class='ocrx_word' id='word_1_63' title='bbox 169 970 290 1058; x_wconf 83' lang='lat' dir='ltr'>justum</span> <span class='ocrx_word' id='word_1_64' title='bbox 307 983 412 1040; x_wconf 82' lang='lat' dir='ltr'>movet</span> <span class='ocrx_word' id='word_1_65' title='bbox 428 972 456 1039; x_wconf 89' lang='lat' dir='ltr'>is</span> <span class='ocrx_word' id='word_1_66' title='bbox 472 972 526 1060; x_wconf 91' lang='lat' dir='ltr'>qui</span> <span class='ocrx_word' id='word_1_67' title='bbox 543 972 667 1048; x_wconf 74' lang='lat' dir='ltr'>transit,</span> <span class='ocrx_word' id='word_1_68' title='bbox 689 972 730 1039; x_wconf 85' lang='lat' dir='ltr'>nd</span> <span class='ocrx_word' id='word_1_69' title='bbox 745 974 923 1061; x_wconf 78' lang='lat' dir='ltr'>negandum</span> <span class='ocrx_word' id='word_1_70' title='bbox 947 972 1114 1040; x_wconf 74' lang='lat' dir='ltr'>transitum</span> <span class='ocrx_word' id='word_1_71' title='bbox 1136 992 1201 1039; x_wconf 89' lang='lat' dir='ltr'>non</span> 
     </span>
     <span class='ocr_line' id='line_1_9' title="bbox 86 1070 1200 1162; baseline 0.005 -28"><span class='ocrx_word' id='word_1_72' title='bbox 86 1071 181 1136; x_wconf 75' lang='lat' dir='ltr'>salet.</span> <span class='ocrx_word' id='word_1_73' title='bbox 219 1072 331 1159; x_wconf 76' lang='lat' dir='ltr'>Neque</span> <span class='ocrx_word' id='word_1_74' title='bbox 348 1072 448 1162; x_wconf 84' lang='lat' dir='ltr'>mngis</span> <span class='ocrx_word' id='word_1_75' title='bbox 463 1071 691 1138; x_wconf 81' lang='lat' dir='ltr'>admittendum</span> <span class='ocrx_word' id='word_1_76' title='bbox 709 1070 845 1149; x_wconf 85' lang='lat' dir='ltr'>sidiens,</span> <span class='ocrx_word' id='word_1_77' title='bbox 862 1084 896 1140; x_wconf 90' lang='lat' dir='ltr'>et</span> <span class='ocrx_word' id='word_1_78' title='bbox 911 1072 974 1139; x_wconf 76' lang='lat' dir='ltr'>elie</span> <span class='ocrx_word' id='word_1_79' title='bbox 989 1093 1081 1161; x_wconf 81' lang='lat' dir='ltr'>posse</span> <span class='ocrx_word' id='word_1_80' title='bbox 1097 1081 1200 1140; x_wconf 63' lang='lat' dir='ltr'>trem</span> 
     </span>
     <span class='ocr_line' id='line_1_10' title="bbox 86 1169 1200 1259; baseline 0.004 -25"><span class='ocrx_word' id='word_1_81' title='bbox 86 1169 147 1237; x_wconf 89' lang='lat' dir='ltr'>iri:</span> <span class='ocrx_word' id='word_1_82' title='bbox 173 1173 357 1237; x_wconf 85' lang='lat' dir='ltr'>tantundem</span> <span class='ocrx_word' id='word_1_83' title='bbox 374 1172 456 1238; x_wconf 88' lang='lat' dir='ltr'>enim</span> <span class='ocrx_word' id='word_1_84' title='bbox 478 1171 581 1259; x_wconf 81' lang='lat' dir='ltr'>quiris</span> <span class='ocrx_word' id='word_1_85' title='bbox 597 1170 726 1251; x_wconf 86' lang='lat' dir='ltr'>diceret,</span> <span class='ocrx_word' id='word_1_86' title='bbox 749 1181 846 1257; x_wconf 85' lang='lat' dir='ltr'>etque</span> <span class='ocrx_word' id='word_1_87' title='bbox 861 1193 900 1238; x_wconf 88' lang='lat' dir='ltr'>eo</span> <span class='ocrx_word' id='word_1_88' title='bbox 915 1172 1008 1238; x_wconf 88' lang='lat' dir='ltr'>modo</span> <span class='ocrx_word' id='word_1_89' title='bbox 1026 1170 1080 1258; x_wconf 91' lang='lat' dir='ltr'>jus</span> <span class='ocrx_word' id='word_1_90' title='bbox 1096 1180 1200 1239; x_wconf 71' lang='lat' dir='ltr'>usus·</span> 
     </span>
     <span class='ocr_line' id='line_1_11' title="bbox 86 1269 1200 1359; baseline 0.002 -24"><span class='ocrx_word' id='word_1_91' title='bbox 86 1269 180 1336; x_wconf 84' lang='lat' dir='ltr'>eundi</span> <span class='ocrx_word' id='word_1_92' title='bbox 207 1270 300 1359; x_wconf 81' lang='lat' dir='ltr'>plene</span> <span class='ocrx_word' id='word_1_93' title='bbox 331 1271 585 1338; x_wconf 83' lang='lat' dir='ltr'>interimeretur:</span> <span class='ocrx_word' id='word_1_94' title='bbox 615 1269 671 1336; x_wconf 88' lang='lat' dir='ltr'>sed</span> <span class='ocrx_word' id='word_1_95' title='bbox 696 1271 774 1336; x_wconf 85' lang='lat' dir='ltr'>setis</span> <span class='ocrx_word' id='word_1_96' title='bbox 801 1279 849 1336; x_wconf 88' lang='lat' dir='ltr'>est</span> <span class='ocrx_word' id='word_1_97' title='bbox 873 1271 900 1337; x_wconf 91' lang='lat' dir='ltr'>si</span> <span class='ocrx_word' id='word_1_98' title='bbox 924 1271 991 1337; x_wconf 91' lang='lat' dir='ltr'>sine</span> <span class='ocrx_word' id='word_1_99' title='bbox 1020 1270 1093 1337; x_wconf 91' lang='lat' dir='ltr'>dnln</span> <span class='ocrx_word' id='word_1_100' title='bbox 1116 1270 1200 1337; x_wconf 86' lang='lat' dir='ltr'>mslo</span> 
     </span>
     <span class='ocr_line' id='line_1_12' title="bbox 86 1368 1199 1459; baseline 0.004 -26"><span class='ocrx_word' id='word_1_101' title='bbox 86 1370 238 1436; x_wconf 80' lang='lat' dir='ltr'>transitus</span> <span class='ocrx_word' id='word_1_102' title='bbox 264 1371 450 1459; x_wconf 84' lang='lat' dir='ltr'>postuletur,</span> <span class='ocrx_word' id='word_1_103' title='bbox 481 1391 544 1458; x_wconf 81' lang='lat' dir='ltr'>qus</span> <span class='ocrx_word' id='word_1_104' title='bbox 572 1369 750 1458; x_wconf 85' lang='lat' dir='ltr'>proximum</span> <span class='ocrx_word' id='word_1_105' title='bbox 778 1390 816 1436; x_wconf 85' lang='lat' dir='ltr'>ne</span> <span class='ocrx_word' id='word_1_106' title='bbox 840 1368 1118 1436; x_wconf 86' lang='lat' dir='ltr'>commodissimum</span> <span class='ocrx_word' id='word_1_107' title='bbox 1140 1375 1199 1438; x_wconf 80' lang='lat' dir='ltr'>est.</span> 
     </span>
     <span class='ocr_line' id='line_1_13' title="bbox 86 1468 1201 1557; baseline 0.002 -23"><span class='ocrx_word' id='word_1_108' title='bbox 86 1469 186 1535; x_wconf 87' lang='lat' dir='ltr'>Plene</span> <span class='ocrx_word' id='word_1_109' title='bbox 209 1469 234 1535; x_wconf 89' lang='lat' dir='ltr'>ei</span> <span class='ocrx_word' id='word_1_110' title='bbox 251 1469 400 1557; x_wconf 84' lang='lat' dir='ltr'>injustum</span> <span class='ocrx_word' id='word_1_111' title='bbox 417 1480 542 1538; x_wconf 80' lang='lat' dir='ltr'>movent</span> <span class='ocrx_word' id='word_1_112' title='bbox 563 1469 688 1546; x_wconf 88' lang='lat' dir='ltr'>beilum,</span> <span class='ocrx_word' id='word_1_113' title='bbox 704 1468 758 1556; x_wconf 89' lang='lat' dir='ltr'>qui</span> <span class='ocrx_word' id='word_1_114' title='bbox 779 1469 915 1536; x_wconf 77' lang='lat' dir='ltr'>transire</span> <span class='ocrx_word' id='word_1_115' title='bbox 928 1470 1005 1548; x_wconf 86' lang='lat' dir='ltr'>ruit,</span> <span class='ocrx_word' id='word_1_116' title='bbox 1031 1470 1079 1537; x_wconf 82' lang='lat' dir='ltr'>¹¹si</span> <span class='ocrx_word' id='word_1_117' title='bbox 1093 1470 1201 1536; x_wconf 83' lang='lat' dir='ltr'>hostes</span> 
     </span>
     <span class='ocr_line' id='line_1_14' title="bbox 86 1568 1201 1660; baseline 0.004 -28"><span class='ocrx_word' id='word_1_118' title='bbox 86 1590 172 1635; x_wconf 82' lang='lat' dir='ltr'>sneos</span> <span class='ocrx_word' id='word_1_119' title='bbox 197 1592 301 1636; x_wconf 86' lang='lat' dir='ltr'>secum</span> <span class='ocrx_word' id='word_1_120' title='bbox 318 1572 422 1647; x_wconf 85' lang='lat' dir='ltr'>duent,</span> <span class='ocrx_word' id='word_1_121' title='bbox 445 1592 565 1660; x_wconf 77' lang='lat' dir='ltr'>negare</span> <span class='ocrx_word' id='word_1_122' title='bbox 586 1568 754 1635; x_wconf 77' lang='lat' dir='ltr'>transitum</span> <span class='ocrx_word' id='word_1_123' title='bbox 778 1578 908 1656; x_wconf 86' lang='lat' dir='ltr'>potero:</span> <span class='ocrx_word' id='word_1_124' title='bbox 935 1591 1008 1637; x_wconf 77' lang='lat' dir='ltr'>nem</span> <span class='ocrx_word' id='word_1_125' title='bbox 1028 1576 1063 1638; x_wconf 82' lang='lat' dir='ltr'>et</span> <span class='ocrx_word' id='word_1_126' title='bbox 1086 1568 1120 1637; x_wconf 89' lang='lat' dir='ltr'>in</span> <span class='ocrx_word' id='word_1_127' title='bbox 1142 1588 1201 1637; x_wconf 85' lang='lat' dir='ltr'>sno</span> 
     </span>
     <span class='ocr_line' id='line_1_15' title="bbox 86 1666 1031 1763; baseline 0.01 -30"><span class='ocrx_word' id='word_1_128' title='bbox 86 1667 184 1763; x_wconf 88' lang='lat' dir='ltr'>ipsius</span> <span class='ocrx_word' id='word_1_129' title='bbox 200 1670 267 1735; x_wconf 89' lang='lat' dir='ltr'>solo</span> <span class='ocrx_word' id='word_1_130' title='bbox 284 1668 314 1738; x_wconf 85' lang='lat' dir='ltr'>ei</span> <span class='ocrx_word' id='word_1_131' title='bbox 331 1692 495 1738; x_wconf 84' lang='lat' dir='ltr'>occurrero</span> <span class='ocrx_word' id='word_1_132' title='bbox 511 1679 609 1757; x_wconf 84' lang='lat' dir='ltr'>utque</span> <span class='ocrx_word' id='word_1_133' title='bbox 627 1669 689 1734; x_wconf 88' lang='lat' dir='ltr'>iter</span> <span class='ocrx_word' id='word_1_134' title='bbox 704 1666 857 1756; x_wconf 88' lang='lat' dir='ltr'>impedire</span> <span class='ocrx_word' id='word_1_135' title='bbox 873 1668 922 1736; x_wconf 69' lang='lat' dir='ltr'>sus</span> <span class='ocrx_word' id='word_1_136' title='bbox 938 1679 1031 1742; x_wconf 73' lang='lat' dir='ltr'>ensei-</span> 
     </span>
     <span class='ocr_line' id='line_1_16' title="bbox 158 1767 1200 1858; baseline 0.003 -21"><span class='ocrx_word' id='word_1_137' title='bbox 158 1775 179 1837; x_wconf 84' lang='lat'>5</span> <span class='ocrx_word' id='word_1_138' title='bbox 214 1771 327 1856; x_wconf 87' lang='lat' dir='ltr'>Neque</span> <span class='ocrx_word' id='word_1_139' title='bbox 342 1790 419 1836; x_wconf 82' lang='lat' dir='ltr'>vero</span> <span class='ocrx_word' id='word_1_140' title='bbox 442 1769 583 1858; x_wconf 86' lang='lat' dir='ltr'>personis</span> <span class='ocrx_word' id='word_1_141' title='bbox 602 1776 736 1843; x_wconf 79' lang='lat' dir='ltr'>tentum,</span> <span class='ocrx_word' id='word_1_142' title='bbox 754 1767 810 1834; x_wconf 88' lang='lat' dir='ltr'>sed</span> <span class='ocrx_word' id='word_1_143' title='bbox 822 1777 857 1834; x_wconf 91' lang='lat' dir='ltr'>et</span> <span class='ocrx_word' id='word_1_144' title='bbox 870 1768 1027 1836; x_wconf 83' lang='lat' dir='ltr'>mercibus</span> <span class='ocrx_word' id='word_1_145' title='bbox 1046 1767 1200 1840; x_wconf 69' lang='lat' dir='ltr'>mentitus</span> 
     </span>
     <span class='ocr_line' id='line_1_17' title="bbox 86 1867 1201 1961; baseline 0.004 -25"><span class='ocrx_word' id='word_1_146' title='bbox 86 1871 230 1938; x_wconf 88' lang='lat' dir='ltr'>debetur.</span> <span class='ocrx_word' id='word_1_147' title='bbox 284 1870 383 1935; x_wconf 81' lang='lat' dir='ltr'>¹Num</span> <span class='ocrx_word' id='word_1_148' title='bbox 398 1867 563 1957; x_wconf 90' lang='lat' dir='ltr'>quominus</span> <span class='ocrx_word' id='word_1_149' title='bbox 578 1889 657 1958; x_wconf 79' lang='lat' dir='ltr'>gens</span> <span class='ocrx_word' id='word_1_150' title='bbox 673 1887 806 1953; x_wconf 76' lang='lat' dir='ltr'>qunque</span> <span class='ocrx_word' id='word_1_151' title='bbox 826 1889 896 1934; x_wconf 89' lang='lat' dir='ltr'>eum</span> <span class='ocrx_word' id='word_1_152' title='bbox 913 1867 1024 1956; x_wconf 76' lang='lat' dir='ltr'>queris</span> <span class='ocrx_word' id='word_1_153' title='bbox 1039 1879 1137 1961; x_wconf 75' lang='lat' dir='ltr'>geute</span> <span class='ocrx_word' id='word_1_154' title='bbox 1151 1891 1201 1940; x_wconf 78' lang='lat' dir='ltr'>se·</span> 
     </span>
     <span class='ocr_line' id='line_1_18' title="bbox 86 1966 1200 2058; baseline 0.003 -23"><span class='ocrx_word' id='word_1_155' title='bbox 86 1971 189 2058; x_wconf 81' lang='lat' dir='ltr'>posite</span> <span class='ocrx_word' id='word_1_156' title='bbox 208 1969 425 2036; x_wconf 88' lang='lat' dir='ltr'>commercium</span> <span class='ocrx_word' id='word_1_157' title='bbox 448 1969 541 2044; x_wconf 81' lang='lat' dir='ltr'>colet,</span> <span class='ocrx_word' id='word_1_158' title='bbox 560 1966 751 2055; x_wconf 85' lang='lat' dir='ltr'>impediendi</span> <span class='ocrx_word' id='word_1_159' title='bbox 767 1967 885 2033; x_wconf 90' lang='lat' dir='ltr'>nemini</span> <span class='ocrx_word' id='word_1_160' title='bbox 898 1968 951 2055; x_wconf 89' lang='lat' dir='ltr'>jus</span> <span class='ocrx_word' id='word_1_161' title='bbox 971 1978 1040 2038; x_wconf 79' lang='lat' dir='ltr'>ests</span> <span class='ocrx_word' id='word_1_162' title='bbox 1064 1969 1098 2037; x_wconf 88' lang='lat' dir='ltr'>id</span> <span class='ocrx_word' id='word_1_163' title='bbox 1115 1969 1200 2038; x_wconf 87' lang='lat' dir='ltr'>enim</span> 
     </span>
     <span class='ocr_line' id='line_1_19' title="bbox 85 2066 1200 2158; baseline 0.002 -22"><span class='ocrx_word' id='word_1_164' title='bbox 85 2070 225 2158; x_wconf 85' lang='lat' dir='ltr'>permitti</span> <span class='ocrx_word' id='word_1_165' title='bbox 246 2069 379 2136; x_wconf 84' lang='lat' dir='ltr'>interest</span> <span class='ocrx_word' id='word_1_166' title='bbox 401 2067 561 2135; x_wconf 74' lang='lat' dir='ltr'>societatis</span> <span class='ocrx_word' id='word_1_167' title='bbox 585 2067 755 2143; x_wconf 64' lang='lat' dir='ltr'>humanm</span> <span class='ocrx_word' id='word_1_168' title='bbox 781 2087 839 2133; x_wconf 92' lang='lat' dir='ltr'>neo</span> <span class='ocrx_word' id='word_1_169' title='bbox 860 2066 1004 2155; x_wconf 84' lang='lat' dir='ltr'>cuiquem</span> <span class='ocrx_word' id='word_1_170' title='bbox 1027 2068 1142 2137; x_wconf 89' lang='lat' dir='ltr'>dsmno</span> <span class='ocrx_word' id='word_1_171' title='bbox 1164 2067 1200 2138; x_wconf 85' lang='lat' dir='ltr'>id</span> 
     </span>
     <span class='ocr_line' id='line_1_20' title="bbox 86 2166 1201 2257; baseline 0.001 -22"><span class='ocrx_word' id='word_1_172' title='bbox 86 2180 153 2237; x_wconf 87' lang='lat' dir='ltr'>est:</span> <span class='ocrx_word' id='word_1_173' title='bbox 179 2191 252 2236; x_wconf 87' lang='lat' dir='ltr'>unm</span> <span class='ocrx_word' id='word_1_174' title='bbox 265 2169 359 2237; x_wconf 83' lang='lat' dir='ltr'>etiem</span> <span class='ocrx_word' id='word_1_175' title='bbox 375 2167 402 2235; x_wconf 90' lang='lat' dir='ltr'>si</span> <span class='ocrx_word' id='word_1_176' title='bbox 419 2167 468 2235; x_wconf 91' lang='lat' dir='ltr'>cni</span> <span class='ocrx_word' id='word_1_177' title='bbox 490 2168 612 2234; x_wconf 89' lang='lat' dir='ltr'>luorum</span> <span class='ocrx_word' id='word_1_178' title='bbox 626 2176 798 2257; x_wconf 85' lang='lat' dir='ltr'>eperstnm‚</span> <span class='ocrx_word' id='word_1_179' title='bbox 824 2166 880 2233; x_wconf 88' lang='lat' dir='ltr'>sed</span> <span class='ocrx_word' id='word_1_180' title='bbox 895 2188 959 2233; x_wconf 89' lang='lat' dir='ltr'>non</span> <span class='ocrx_word' id='word_1_181' title='bbox 975 2167 1125 2248; x_wconf 81' lang='lat' dir='ltr'>debitum.</span> <span class='ocrx_word' id='word_1_182' title='bbox 1142 2167 1201 2236; x_wconf 87' lang='lat' dir='ltr'>de-</span> 
     </span>
    </p>
   </div>
   <div class='ocr_carea' id='block_1_3' title="bbox 83 2341 1201 3305">
    <p class='ocr_par' dir='ltr' id='par_1_3' title="bbox 85 2341 1021 2408">
     <span class='ocr_line' id='line_1_21' title="bbox 85 2341 1021 2408; baseline -0.002 -14"><span class='ocrx_word' id='word_1_183' title='bbox 85 2345 617 2408; x_wconf 70' lang='lat' dir='ltr'>Bsshssossnmetlsseinmhngel-spnd</span> <span class='ocrx_word' id='word_1_184' title='bbox 666 2349 805 2407; x_wconf 72' lang='lat' dir='ltr'>eerptorun</span> <span class='ocrx_word' id='word_1_185' title='bbox 814 2344 922 2392; x_wconf 79' lang='lat' dir='ltr'>inssnirs</span> <span class='ocrx_word' id='word_1_186' title='bbox 931 2341 1021 2406; x_wconf 79' lang='lat' dir='ltr'>potnh]</span> 
     </span>
    </p>

    <p class='ocr_par' dir='ltr' id='par_1_4' title="bbox 84 2418 1200 2558">
     <span class='ocr_line' id='line_1_22' title="bbox 84 2418 1200 2483; baseline 0.001 -14"><span class='ocrx_word' id='word_1_187' title='bbox 84 2422 196 2469; x_wconf 77' lang='lat' dir='ltr'>liieetnm</span> <span class='ocrx_word' id='word_1_188' title='bbox 212 2425 274 2469; x_wconf 88' lang='lat' dir='ltr'>libro</span> <span class='ocrx_word' id='word_1_189' title='bbox 290 2436 318 2470; x_wconf 85' lang='lat' dir='ltr'>ss.</span> <span class='ocrx_word' id='word_1_190' title='bbox 337 2424 404 2483; x_wconf 86' lang='lat' dir='ltr'>(esp.</span> <span class='ocrx_word' id='word_1_191' title='bbox 414 2426 429 2469; x_wconf 78' lang='grc'><strong>4</strong></span> <span class='ocrx_word' id='word_1_192' title='bbox 440 2424 505 2478; x_wconf 71' lang='lat' dir='ltr'>sti)</span> <span class='ocrx_word' id='word_1_193' title='bbox 520 2423 552 2468; x_wconf 88' lang='lat' dir='ltr'>de</span> <span class='ocrx_word' id='word_1_194' title='bbox 566 2421 617 2467; x_wconf 79' lang='lat' dir='ltr'>sits</span> <span class='ocrx_word' id='word_1_195' title='bbox 712 2428 731 2454; x_wconf 83' lang='lat'>¹</span> <span class='ocrx_word' id='word_1_196' title='bbox 746 2418 775 2468; x_wconf 76' lang='lat' dir='ltr'>Si</span> <span class='ocrx_word' id='word_1_197' title='bbox 785 2418 876 2467; x_wconf 76' lang='lat' dir='ltr'>obsides</span> <span class='ocrx_word' id='word_1_198' title='bbox 889 2418 989 2481; x_wconf 72' lang='lat' dir='ltr'>datur]</span> <span class='ocrx_word' id='word_1_199' title='bbox 1001 2418 1200 2482; x_wconf 56' lang='lat' dir='ltr'>hunnis·</span> 
     </span>
     <span class='ocr_line' id='line_1_23' title="bbox 85 2495 1041 2558; baseline 0.001 -15"><span class='ocrx_word' id='word_1_200' title='bbox 85 2498 191 2556; x_wconf 87' lang='lat' dir='ltr'>ejusdem</span> <span class='ocrx_word' id='word_1_201' title='bbox 203 2499 273 2544; x_wconf 79' lang='lat' dir='ltr'>lsseii</span> <span class='ocrx_word' id='word_1_202' title='bbox 283 2497 377 2558; x_wconf 70' lang='lat' dir='ltr'>aliquot</span> <span class='ocrx_word' id='word_1_203' title='bbox 386 2497 458 2545; x_wconf 80' lang='lat' dir='ltr'>locis:</span> <span class='ocrx_word' id='word_1_204' title='bbox 473 2497 498 2543; x_wconf 86' lang='lat' dir='ltr'>in</span> <span class='ocrx_word' id='word_1_205' title='bbox 515 2496 616 2556; x_wconf 82' lang='lat' dir='ltr'>imperio</span> <span class='ocrx_word' id='word_1_206' title='bbox 667 2496 710 2544; x_wconf 83' lang='lat' dir='ltr'>hes</span> <span class='ocrx_word' id='word_1_207' title='bbox 722 2495 835 2556; x_wconf 80' lang='lat' dir='ltr'>Procopii</span> <span class='ocrx_word' id='word_1_208' title='bbox 844 2495 997 2542; x_wconf 83' lang='lat' dir='ltr'>Pessicnssm</span> <span class='ocrx_word' id='word_1_209' title='bbox 1008 2507 1041 2545; x_wconf 77' lang='lat' dir='ltr'>ts.</span> 
     </span>
    </p>

    <p class='ocr_par' dir='ltr' id='par_1_5' title="bbox 83 2569 1201 3229">
     <span class='ocr_line' id='line_1_24' title="bbox 86 2569 1201 2634; baseline 0.002 -15"><span class='ocrx_word' id='word_1_210' title='bbox 86 2573 230 2619; x_wconf 84' lang='lat' dir='ltr'>Germsnien</span> <span class='ocrx_word' id='word_1_211' title='bbox 240 2573 369 2619; x_wconf 70' lang='lat' dir='ltr'>transitum</span> <span class='ocrx_word' id='word_1_212' title='bbox 376 2571 500 2633; x_wconf 64' lang='lat' dir='ltr'>postulans</span> <span class='ocrx_word' id='word_1_213' title='bbox 507 2571 539 2617; x_wconf 88' lang='lat' dir='ltr'>de</span> <span class='ocrx_word' id='word_1_214' title='bbox 548 2571 616 2616; x_wconf 80' lang='lat' dir='ltr'>dens·</span> <span class='ocrx_word' id='word_1_215' title='bbox 712 2578 724 2605; x_wconf 78' lang='grc' dir='ltr'>Ι</span> <span class='ocrx_word' id='word_1_216' title='bbox 741 2571 769 2618; x_wconf 77' lang='lat' dir='ltr'>st</span> <span class='ocrx_word' id='word_1_217' title='bbox 787 2571 864 2617; x_wconf 65' lang='lat' dir='ltr'>nnn</span> <span class='ocrx_word' id='word_1_218' title='bbox 874 2583 936 2617; x_wconf 71' lang='lat' dir='ltr'>nens</span> <span class='ocrx_word' id='word_1_219' title='bbox 947 2569 1123 2634; x_wconf 72' lang='lat' dir='ltr'>munducat]</span> <span class='ocrx_word' id='word_1_220' title='bbox 1144 2570 1201 2621; x_wconf 62' lang='lat' dir='ltr'>flu</span> 
     </span>
     <span class='ocr_line' id='line_1_25' title="bbox 92 2643 1200 2708; baseline 0 -15"><span class='ocrx_word' id='word_1_221' title='bbox 92 2647 276 2694; x_wconf 73' lang='lat' dir='ltr'>roressrctendo</span> <span class='ocrx_word' id='word_1_222' title='bbox 285 2653 364 2693; x_wconf 81' lang='lat' dir='ltr'>esrsts</span> <span class='ocrx_word' id='word_1_223' title='bbox 374 2645 428 2692; x_wconf 85' lang='lat' dir='ltr'>ride</span> <span class='ocrx_word' id='word_1_224' title='bbox 438 2651 465 2691; x_wconf 87' lang='lat' dir='ltr'>et</span> <span class='ocrx_word' id='word_1_225' title='bbox 475 2643 615 2692; x_wconf 82' lang='lat' dir='ltr'>Crsntsinm</span> <span class='ocrx_word' id='word_1_226' title='bbox 666 2645 781 2692; x_wconf 69' lang='lat' dir='ltr'>dieebssn</span> <span class='ocrx_word' id='word_1_227' title='bbox 791 2645 889 2701; x_wconf 71' lang='lat' dir='ltr'>resno,</span> <span class='ocrx_word' id='word_1_228' title='bbox 903 2645 945 2705; x_wconf 82' lang='lat' dir='ltr'>qui</span> <span class='ocrx_word' id='word_1_229' title='bbox 959 2645 986 2691; x_wconf 80' lang='lat' dir='ltr'>in</span> <span class='ocrx_word' id='word_1_230' title='bbox 1002 2644 1106 2694; x_wconf 67' lang='lat' dir='ltr'>i&#39;ensth</span> <span class='ocrx_word' id='word_1_231' title='bbox 1119 2651 1200 2708; x_wconf 71' lang='lat' dir='ltr'>«sset,</span> 
     </span>
     <span class='ocr_line' id='line_1_26' title="bbox 85 2717 1200 2782; baseline 0.001 -14"><span class='ocrx_word' id='word_1_232' title='bbox 85 2722 258 2768; x_wconf 68' lang='lat' dir='ltr'>Suenieoruss</span> <span class='ocrx_word' id='word_1_233' title='bbox 269 2717 616 2779; x_wconf 76' lang='lat' dir='ltr'>x.et&gt;lendossm1sBelqi·</span> <span class='ocrx_word' id='word_1_234' title='bbox 667 2720 765 2769; x_wconf 77' lang='lat' dir='ltr'>h&#39;srssti</span> <span class='ocrx_word' id='word_1_235' title='bbox 787 2720 963 2781; x_wconf 71' lang='lat' dir='ltr'>Longnhsrdos</span> <span class='ocrx_word' id='word_1_236' title='bbox 984 2735 1065 2769; x_wconf 72' lang='lat' dir='ltr'>unum</span> <span class='ocrx_word' id='word_1_237' title='bbox 1092 2721 1200 2782; x_wconf 70' lang='lat' dir='ltr'>denseti,</span> 
     </span>
     <span class='ocr_line' id='line_1_27' title="bbox 83 2793 1198 2860; baseline 0.004 -19"><span class='ocrx_word' id='word_1_238' title='bbox 83 2797 126 2842; x_wconf 89' lang='lat' dir='ltr'>eis.</span> <span class='ocrx_word' id='word_1_239' title='bbox 158 2796 241 2843; x_wconf 75' lang='lat' dir='ltr'>Cnsr</span> <span class='ocrx_word' id='word_1_240' title='bbox 257 2797 374 2843; x_wconf 76' lang='lat' dir='ltr'>Helvetiis</span> <span class='ocrx_word' id='word_1_241' title='bbox 394 2795 442 2842; x_wconf 86' lang='lat' dir='ltr'>itss</span> <span class='ocrx_word' id='word_1_242' title='bbox 457 2807 501 2854; x_wconf 81' lang='lat' dir='ltr'>per</span> <span class='ocrx_word' id='word_1_243' title='bbox 516 2794 614 2853; x_wconf 76' lang='lat' dir='ltr'>proniu-</span> <span class='ocrx_word' id='word_1_244' title='bbox 668 2795 950 2853; x_wconf 64' lang='lat' dir='ltr'>condimntum</span> <span class='ocrx_word' id='word_1_245' title='bbox 959 2793 1026 2843; x_wconf 76' lang='lat' dir='ltr'>Isset.</span> <span class='ocrx_word' id='word_1_246' title='bbox 1035 2794 1198 2860; x_wconf 66' lang='lat' dir='ltr'>miscent</span> 
     </span>
     <span class='ocr_line' id='line_1_28' title="bbox 84 2868 1200 2935; baseline 0.004 -20"><span class='ocrx_word' id='word_1_247' title='bbox 84 2871 145 2915; x_wconf 81' lang='lat' dir='ltr'>cium</span> <span class='ocrx_word' id='word_1_248' title='bbox 163 2871 241 2916; x_wconf 88' lang='lat' dir='ltr'>noluit</span> <span class='ocrx_word' id='word_1_249' title='bbox 263 2870 402 2926; x_wconf 79' lang='lat' dir='ltr'>concedere,</span> <span class='ocrx_word' id='word_1_250' title='bbox 422 2868 489 2929; x_wconf 87' lang='lat' dir='ltr'>quod</span> <span class='ocrx_word' id='word_1_251' title='bbox 506 2869 615 2914; x_wconf 78' lang='lat' dir='ltr'>homiues</span> <span class='ocrx_word' id='word_1_252' title='bbox 667 2872 816 2931; x_wconf 72' lang='lat' dir='ltr'>Alisnegsti</span> <span class='ocrx_word' id='word_1_253' title='bbox 826 2872 919 2918; x_wconf 78' lang='lat' dir='ltr'>itineris</span> <span class='ocrx_word' id='word_1_254' title='bbox 928 2871 1200 2935; x_wconf 73' lang='lat' dir='ltr'>uenplshseuspne</span> 
     </span>
     <span class='ocr_line' id='line_1_29' title="bbox 83 2940 1200 3011; baseline 0.008 -21"><span class='ocrx_word' id='word_1_255' title='bbox 83 2945 180 2990; x_wconf 83' lang='lat' dir='ltr'>inimico</span> <span class='ocrx_word' id='word_1_256' title='bbox 190 2940 615 3002; x_wconf 77' lang='lat' dir='ltr'>mimnexustnsuitnonssmper·</span> <span class='ocrx_word' id='word_1_257' title='bbox 666 2947 785 2994; x_wconf 85' lang='lat' dir='ltr'>Bemhum</span> <span class='ocrx_word' id='word_1_258' title='bbox 807 2947 869 2993; x_wconf 74' lang='lat' dir='ltr'>iihso</span> <span class='ocrx_word' id='word_1_259' title='bbox 886 2958 932 2993; x_wconf 81' lang='lat' dir='ltr'>m.</span> <span class='ocrx_word' id='word_1_260' title='bbox 952 2946 1093 2995; x_wconf 69' lang='lat' dir='ltr'>luteum</span> <span class='ocrx_word' id='word_1_261' title='bbox 1118 2947 1200 3011; x_wconf 54' lang='lat' dir='ltr'>[Hit.</span> 
     </span>
     <span class='ocr_line' id='line_1_30' title="bbox 83 3015 1200 3086; baseline 0.011 -25"><span class='ocrx_word' id='word_1_262' title='bbox 83 3027 166 3062; x_wconf 79' lang='lat' dir='ltr'>neuros</span> <span class='ocrx_word' id='word_1_263' title='bbox 175 3019 206 3063; x_wconf 87' lang='lat' dir='ltr'>sh</span> <span class='ocrx_word' id='word_1_264' title='bbox 216 3018 308 3078; x_wconf 81' lang='lat' dir='ltr'>injuriis</span> <span class='ocrx_word' id='word_1_265' title='bbox 318 3022 344 3065; x_wconf 87' lang='lat' dir='ltr'>et</span> <span class='ocrx_word' id='word_1_266' title='bbox 357 3018 487 3065; x_wconf 71' lang='lat' dir='ltr'>melchoin:</span> <span class='ocrx_word' id='word_1_267' title='bbox 499 3015 615 3065; x_wconf 70' lang='lat' dir='ltr'>nescu</span> <span class='ocrx_word' id='word_1_268' title='bbox 670 3019 746 3067; x_wconf 63' lang='grc' dir='ltr'>γαί.</span> <span class='ocrx_word' id='word_1_269' title='bbox 753 3021 838 3068; x_wconf 88' lang='lat' dir='ltr'>eodem</span> <span class='ocrx_word' id='word_1_270' title='bbox 848 3020 911 3075; x_wconf 84' lang='lat' dir='ltr'>ineo,</span> <span class='ocrx_word' id='word_1_271' title='bbox 921 3022 964 3083; x_wconf 73' lang='lat' dir='ltr'>qni</span> <span class='ocrx_word' id='word_1_272' title='bbox 972 3023 998 3069; x_wconf 84' lang='lat' dir='ltr'>in</span> <span class='ocrx_word' id='word_1_273' title='bbox 1005 3022 1072 3072; x_wconf 73' lang='lat' dir='ltr'>Note</span> <span class='ocrx_word' id='word_1_274' title='bbox 1079 3029 1200 3086; x_wconf 69' lang='lat' dir='ltr'>sntepn·</span> 
     </span>
     <span class='ocr_line' id='line_1_31' title="bbox 86 3091 1199 3158; baseline 0.009 -20"><span class='ocrx_word' id='word_1_275' title='bbox 86 3091 299 3150; x_wconf 78' lang='lat' dir='ltr'>Gallice,1.tb.1.</span> <span class='ocrx_word' id='word_1_276' title='bbox 328 3091 391 3154; x_wconf 77' lang='lat' dir='ltr'>[esp</span> <span class='ocrx_word' id='word_1_277' title='bbox 410 3095 433 3151; x_wconf 77' lang='lat'>7,</span> <span class='ocrx_word' id='word_1_278' title='bbox 451 3095 474 3141; x_wconf 80' lang='grc'>8.</span> <span class='ocrx_word' id='word_1_279' title='bbox 511 3092 615 3152; x_wconf 77' lang='lat' dir='ltr'>Exque</span> <span class='ocrx_word' id='word_1_280' title='bbox 665 3094 751 3140; x_wconf 83' lang='lat' dir='ltr'>nlttms</span> <span class='ocrx_word' id='word_1_281' title='bbox 775 3094 895 3142; x_wconf 84' lang='lat' dir='ltr'>indiestns</span> <span class='ocrx_word' id='word_1_282' title='bbox 916 3093 978 3156; x_wconf 77' lang='lat' dir='ltr'>ests]</span> <span class='ocrx_word' id='word_1_283' title='bbox 1000 3097 1066 3158; x_wconf 66' lang='lat' dir='ltr'>send</span> <span class='ocrx_word' id='word_1_284' title='bbox 1083 3097 1199 3148; x_wconf 67' lang='lat' dir='ltr'>eursu·</span> 
     </span>
     <span class='ocr_line' id='line_1_32' title="bbox 84 3167 1089 3229; baseline 0.011 -18"><span class='ocrx_word' id='word_1_285' title='bbox 84 3169 193 3213; x_wconf 79' lang='lat' dir='ltr'>Auctore</span> <span class='ocrx_word' id='word_1_286' title='bbox 215 3168 247 3214; x_wconf 91' lang='lat' dir='ltr'>sit</span> <span class='ocrx_word' id='word_1_287' title='bbox 268 3167 418 3229; x_wconf 73' lang='lat' dir='ltr'>Ercerptuns</span> <span class='ocrx_word' id='word_1_288' title='bbox 433 3168 519 3228; x_wconf 73' lang='lat' dir='ltr'>Lepet.</span> <span class='ocrx_word' id='word_1_289' title='bbox 544 3167 614 3213; x_wconf 77' lang='lat' dir='ltr'>tutuo</span> <span class='ocrx_word' id='word_1_290' title='bbox 664 3169 727 3216; x_wconf 74' lang='lat' dir='ltr'>libro</span> <span class='ocrx_word' id='word_1_291' title='bbox 738 3168 856 3217; x_wconf 64' lang='lat' dir='ltr'>meone</span> <span class='ocrx_word' id='word_1_292' title='bbox 869 3168 966 3228; x_wconf 69' lang='lat' dir='ltr'>Venae,</span> <span class='ocrx_word' id='word_1_293' title='bbox 980 3178 1089 3223; x_wconf 70' lang='lat' dir='ltr'>mm.</span> 
     </span>
    </p>

    <p class='ocr_par' dir='ltr' id='par_1_6' title="bbox 84 3243 1200 3305">
     <span class='ocr_line' id='line_1_33' title="bbox 84 3243 1200 3305; baseline 0.011 -19"><span class='ocrx_word' id='word_1_294' title='bbox 84 3243 156 3286; x_wconf 74' lang='lat' dir='ltr'>tetius</span> <span class='ocrx_word' id='word_1_295' title='bbox 174 3251 238 3289; x_wconf 71' lang='lat' dir='ltr'>nota</span> <span class='ocrx_word' id='word_1_296' title='bbox 257 3244 397 3299; x_wconf 75' lang='lat' dir='ltr'>indicatum,</span> <span class='ocrx_word' id='word_1_297' title='bbox 411 3244 493 3288; x_wconf 84' lang='lat' dir='ltr'>omisit</span> <span class='ocrx_word' id='word_1_298' title='bbox 511 3244 613 3299; x_wconf 80' lang='lat' dir='ltr'>Auctor,</span> <span class='ocrx_word' id='word_1_299' title='bbox 711 3243 799 3290; x_wconf 73' lang='lat' dir='ltr'>¹i’ids</span> <span class='ocrx_word' id='word_1_300' title='bbox 819 3244 1042 3305; x_wconf 71' lang='lat' dir='ltr'>Pnrnsnosrsms,</span> <span class='ocrx_word' id='word_1_301' title='bbox 1068 3247 1109 3296; x_wconf 82' lang='lat' dir='ltr'>De</span> <span class='ocrx_word' id='word_1_302' title='bbox 1132 3247 1200 3299; x_wconf 82' lang='lat' dir='ltr'>ans</span> 
     </span>
    </p>
   </div>
   <div class='ocr_carea' id='block_1_4' title="bbox 83 3316 1197 3450">
    <p class='ocr_par' dir='ltr' id='par_1_7' title="bbox 83 3316 1197 3450">
     <span class='ocr_line' id='line_1_34' title="bbox 83 3316 1197 3386; baseline 0.01 -25"><span class='ocrx_word' id='word_1_303' title='bbox 83 3323 126 3361; x_wconf 86' lang='lat' dir='ltr'>eut</span> <span class='ocrx_word' id='word_1_304' title='bbox 147 3318 329 3376; x_wconf 64' lang='lat' dir='ltr'>Tppiogrnphus,</span> <span class='ocrx_word' id='word_1_305' title='bbox 354 3318 378 3362; x_wconf 89' lang='lat' dir='ltr'>in</span> <span class='ocrx_word' id='word_1_306' title='bbox 399 3317 510 3362; x_wconf 83' lang='lat' dir='ltr'>omnibns</span> <span class='ocrx_word' id='word_1_307' title='bbox 535 3316 614 3364; x_wconf 70' lang='lat' dir='ltr'>nette</span> <span class='ocrx_word' id='word_1_308' title='bbox 665 3317 758 3366; x_wconf 66' lang='lat' dir='ltr'>Nata</span> <span class='ocrx_word' id='word_1_309' title='bbox 772 3321 841 3367; x_wconf 75' lang='lat' dir='ltr'>(ient.</span> <span class='ocrx_word' id='word_1_310' title='bbox 858 3319 913 3367; x_wconf 77' lang='lat' dir='ltr'>ub.</span> <span class='ocrx_word' id='word_1_311' title='bbox 925 3332 966 3368; x_wconf 85' lang='grc' dir='ltr'>ιιι.</span> <span class='ocrx_word' id='word_1_312' title='bbox 977 3322 1126 3386; x_wconf 59' lang='grc' dir='ltr'>«ΜΗ,</span> <span class='ocrx_word' id='word_1_313' title='bbox 1140 3337 1197 3372; x_wconf 73' lang='lat' dir='ltr'>m</span> 
     </span>
     <span class='ocr_line' id='line_1_35' title="bbox 84 3390 949 3450; baseline 0.007 -14"><span class='ocrx_word' id='word_1_314' title='bbox 84 3391 169 3436; x_wconf 87' lang='lat' dir='ltr'>necin</span> <span class='ocrx_word' id='word_1_315' title='bbox 189 3391 238 3438; x_wconf 79' lang='lat' dir='ltr'>mh</span> <span class='ocrx_word' id='word_1_316' title='bbox 256 3391 406 3438; x_wconf 78' lang='lat' dir='ltr'>collectione</span> <span class='ocrx_word' id='word_1_317' title='bbox 423 3390 541 3450; x_wconf 86' lang='lat' dir='ltr'>ejusmodi</span> <span class='ocrx_word' id='word_1_318' title='bbox 557 3390 613 3437; x_wconf 74' lang='lat' dir='ltr'>Es·</span> <span class='ocrx_word' id='word_1_319' title='bbox 665 3393 844 3441; x_wconf 75' lang='lat' dir='ltr'>h&#39;cthnnstsis.</span> <span class='ocrx_word' id='word_1_320' title='bbox 874 3392 949 3442; x_wconf 69' lang='lat' dir='ltr'>m.</span> 
     </span>
    </p>
   </div>
   <div class='ocr_carea' id='block_1_5' title="bbox 82 3605 1290 4457">
    <p class='ocr_par' dir='ltr' id='par_1_8' title="bbox 82 3605 1290 4371">
     <span class='ocr_line' id='line_1_36' title="bbox 85 3605 1197 3682; baseline 0.006 -22"><span class='ocrx_word' id='word_1_321' title='bbox 85 3605 225 3677; x_wconf 81' lang='lat' dir='ltr'>hostnges.</span> <span class='ocrx_word' id='word_1_322' title='bbox 272 3606 311 3662; x_wconf 84' lang='lat' dir='ltr'>So</span> <span class='ocrx_word' id='word_1_323' title='bbox 335 3614 383 3663; x_wconf 88' lang='lat' dir='ltr'>ton</span> <span class='ocrx_word' id='word_1_324' title='bbox 397 3607 459 3662; x_wconf 76' lang='lat' dir='ltr'>scer</span> <span class='ocrx_word' id='word_1_325' title='bbox 479 3607 513 3663; x_wconf 78' lang='lat' dir='ltr'>os</span> <span class='ocrx_word' id='word_1_326' title='bbox 533 3626 591 3664; x_wconf 74' lang='lat' dir='ltr'>sur</span> <span class='ocrx_word' id='word_1_327' title='bbox 604 3609 678 3665; x_wconf 74' lang='lat' dir='ltr'>from</span> <span class='ocrx_word' id='word_1_328' title='bbox 695 3609 755 3665; x_wconf 86' lang='lat' dir='ltr'>him</span> <span class='ocrx_word' id='word_1_329' title='bbox 775 3611 886 3682; x_wconf 79' lang='lat' dir='ltr'>sgninst</span> <span class='ocrx_word' id='word_1_330' title='bbox 904 3609 996 3666; x_wconf 69' lang='lat' dir='ltr'>whom</span> <span class='ocrx_word' id='word_1_331' title='bbox 1014 3608 1064 3666; x_wconf 89' lang='lat' dir='ltr'>the</span> <span class='ocrx_word' id='word_1_332' title='bbox 1082 3609 1197 3667; x_wconf 86' lang='lat' dir='ltr'>trsusit-</span> 
     </span>
     <span class='ocr_line' id='line_1_37' title="bbox 85 3692 1199 3768; baseline 0.006 -23"><span class='ocrx_word' id='word_1_333' title='bbox 85 3693 186 3746; x_wconf 79' lang='lat' dir='ltr'>eeekcr</span> <span class='ocrx_word' id='word_1_334' title='bbox 200 3692 296 3747; x_wconf 80' lang='lat' dir='ltr'>muhes</span> <span class='ocrx_word' id='word_1_335' title='bbox 309 3711 326 3748; x_wconf 86' lang='lat' dir='ltr'>s</span> <span class='ocrx_word' id='word_1_336' title='bbox 341 3692 486 3765; x_wconf 78' lang='lat' dir='ltr'>rightcous</span> <span class='ocrx_word' id='word_1_337' title='bbox 501 3711 567 3759; x_wconf 76' lang='lat' dir='ltr'>wer,</span> <span class='ocrx_word' id='word_1_338' title='bbox 581 3694 650 3750; x_wconf 89' lang='lat' dir='ltr'>docs</span> <span class='ocrx_word' id='word_1_339' title='bbox 663 3706 713 3749; x_wconf 91' lang='lat' dir='ltr'>not</span> <span class='ocrx_word' id='word_1_340' title='bbox 728 3698 829 3768; x_wconf 78' lang='lat' dir='ltr'>justisy</span> <span class='ocrx_word' id='word_1_341' title='bbox 844 3695 903 3750; x_wconf 88' lang='lat' dir='ltr'>him</span> <span class='ocrx_word' id='word_1_342' title='bbox 918 3698 948 3750; x_wconf 87' lang='lat' dir='ltr'>in</span> <span class='ocrx_word' id='word_1_343' title='bbox 962 3696 1098 3767; x_wconf 75' lang='lat' dir='ltr'>sciissing.</span> <span class='ocrx_word' id='word_1_344' title='bbox 1134 3696 1199 3752; x_wconf 78' lang='lat' dir='ltr'>Nor</span> 
     </span>
     <span class='ocr_line' id='line_1_38' title="bbox 85 3778 1197 3854; baseline 0.009 -26"><span class='ocrx_word' id='word_1_345' title='bbox 85 3778 108 3829; x_wconf 91' lang='lat' dir='ltr'>is</span> <span class='ocrx_word' id='word_1_346' title='bbox 130 3779 153 3830; x_wconf 81' lang='lat' dir='ltr'>it</span> <span class='ocrx_word' id='word_1_347' title='bbox 174 3779 286 3849; x_wconf 71' lang='lat' dir='ltr'>enough</span> <span class='ocrx_word' id='word_1_348' title='bbox 312 3787 342 3834; x_wconf 88' lang='lat' dir='ltr'>to</span> <span class='ocrx_word' id='word_1_349' title='bbox 358 3797 407 3850; x_wconf 76' lang='lat' dir='ltr'>sny</span> <span class='ocrx_word' id='word_1_350' title='bbox 430 3779 492 3835; x_wconf 81' lang='lat' dir='ltr'>thet</span> <span class='ocrx_word' id='word_1_351' title='bbox 507 3779 544 3835; x_wconf 91' lang='lat' dir='ltr'>ho</span> <span class='ocrx_word' id='word_1_352' title='bbox 559 3799 624 3852; x_wconf 67' lang='grc' dir='ltr'>ωας</span> <span class='ocrx_word' id='word_1_353' title='bbox 644 3798 708 3851; x_wconf 80' lang='lat' dir='ltr'>poss</span> <span class='ocrx_word' id='word_1_354' title='bbox 726 3781 846 3836; x_wconf 75' lang='lat' dir='ltr'>another</span> <span class='ocrx_word' id='word_1_355' title='bbox 866 3799 942 3853; x_wconf 66' lang='lat' dir='ltr'>osny:</span> <span class='ocrx_word' id='word_1_356' title='bbox 974 3782 1020 3836; x_wconf 80' lang='lat' dir='ltr'>sos</span> <span class='ocrx_word' id='word_1_357' title='bbox 1039 3798 1124 3854; x_wconf 70' lang='lat' dir='ltr'>every</span> <span class='ocrx_word' id='word_1_358' title='bbox 1141 3797 1197 3838; x_wconf 80' lang='lat' dir='ltr'>one</span> 
     </span>
     <span class='ocr_line' id='line_1_39' title="bbox 85 3862 1198 3940; baseline 0.007 -24"><span class='ocrx_word' id='word_1_359' title='bbox 85 3862 178 3931; x_wconf 76' lang='lat' dir='ltr'>might</span> <span class='ocrx_word' id='word_1_360' title='bbox 193 3880 242 3933; x_wconf 74' lang='lat' dir='ltr'>sep</span> <span class='ocrx_word' id='word_1_361' title='bbox 258 3865 308 3920; x_wconf 83' lang='lat' dir='ltr'>she</span> <span class='ocrx_word' id='word_1_362' title='bbox 322 3883 408 3930; x_wconf 69' lang='lat' dir='ltr'>nme,</span> <span class='ocrx_word' id='word_1_363' title='bbox 421 3866 478 3920; x_wconf 85' lang='lat' dir='ltr'>end</span> <span class='ocrx_word' id='word_1_364' title='bbox 491 3865 558 3921; x_wconf 92' lang='lat' dir='ltr'>thus</span> <span class='ocrx_word' id='word_1_365' title='bbox 573 3866 623 3921; x_wconf 84' lang='lat' dir='ltr'>the</span> <span class='ocrx_word' id='word_1_366' title='bbox 637 3867 725 3938; x_wconf 75' lang='lat' dir='ltr'>Right</span> <span class='ocrx_word' id='word_1_367' title='bbox 741 3867 775 3922; x_wconf 72' lang='grc' dir='ltr'>οἱ</span> <span class='ocrx_word' id='word_1_368' title='bbox 790 3868 903 3922; x_wconf 77' lang='lat' dir='ltr'>Transit</span> <span class='ocrx_word' id='word_1_369' title='bbox 920 3867 957 3923; x_wconf 89' lang='lat' dir='ltr'>bo</span> <span class='ocrx_word' id='word_1_370' title='bbox 971 3867 1132 3940; x_wconf 76' lang='lat' dir='ltr'>destroyed.</span> <span class='ocrx_word' id='word_1_371' title='bbox 1168 3867 1198 3924; x_wconf 84' lang='lat' dir='ltr'>ls</span> 
     </span>
     <span class='ocr_line' id='line_1_40' title="bbox 82 3947 1198 4025; baseline 0.008 -23"><span class='ocrx_word' id='word_1_372' title='bbox 82 3947 108 4002; x_wconf 90' lang='lat' dir='ltr'>is</span> <span class='ocrx_word' id='word_1_373' title='bbox 124 3948 237 4017; x_wconf 70' lang='lat' dir='ltr'>enough</span> <span class='ocrx_word' id='word_1_374' title='bbox 258 3951 284 4003; x_wconf 79' lang='lat' dir='ltr'>it</span> <span class='ocrx_word' id='word_1_375' title='bbox 302 3949 339 4006; x_wconf 89' lang='lat' dir='ltr'>he</span> <span class='ocrx_word' id='word_1_376' title='bbox 354 3969 418 4023; x_wconf 85' lang='lat' dir='ltr'>psss</span> <span class='ocrx_word' id='word_1_377' title='bbox 437 3955 506 4007; x_wconf 69' lang='lat' dir='ltr'>hacid</span> <span class='ocrx_word' id='word_1_378' title='bbox 520 3954 577 4025; x_wconf 71' lang='lat' dir='ltr'>fide</span> <span class='ocrx_word' id='word_1_379' title='bbox 598 3953 636 4024; x_wconf 74' lang='lat' dir='ltr'>by</span> <span class='ocrx_word' id='word_1_380' title='bbox 653 3951 703 4007; x_wconf 89' lang='lat' dir='ltr'>the</span> <span class='ocrx_word' id='word_1_381' title='bbox 721 3952 845 4007; x_wconf 84' lang='lat' dir='ltr'>shortcst</span> <span class='ocrx_word' id='word_1_382' title='bbox 858 3953 916 4008; x_wconf 86' lang='lat' dir='ltr'>nnd</span> <span class='ocrx_word' id='word_1_383' title='bbox 934 3963 1009 4010; x_wconf 89' lang='lat' dir='ltr'>most</span> <span class='ocrx_word' id='word_1_384' title='bbox 1028 3953 1198 4010; x_wconf 76' lang='lat' dir='ltr'>convenient</span> 
     </span>
     <span class='ocr_line' id='line_1_41' title="bbox 85 4033 1198 4112; baseline 0.009 -26"><span class='ocrx_word' id='word_1_385' title='bbox 85 4050 155 4104; x_wconf 70' lang='lat' dir='ltr'>erup.</span> <span class='ocrx_word' id='word_1_386' title='bbox 202 4033 233 4088; x_wconf 76' lang='lat' dir='ltr'>lt</span> <span class='ocrx_word' id='word_1_387' title='bbox 248 4035 350 4089; x_wconf 83' lang='lat' dir='ltr'>indeed</span> <span class='ocrx_word' id='word_1_388' title='bbox 366 4037 403 4092; x_wconf 86' lang='lat' dir='ltr'>ho</span> <span class='ocrx_word' id='word_1_389' title='bbox 424 4038 487 4092; x_wconf 83' lang='lat' dir='ltr'>srhn</span> <span class='ocrx_word' id='word_1_390' title='bbox 502 4038 582 4093; x_wconf 77' lang='lat' dir='ltr'>sechs</span> <span class='ocrx_word' id='word_1_391' title='bbox 595 4040 696 4092; x_wconf 83' lang='lat' dir='ltr'>trsnsit</span> <span class='ocrx_word' id='word_1_392' title='bbox 710 4039 807 4094; x_wconf 80' lang='lat' dir='ltr'>mnhos</span> <span class='ocrx_word' id='word_1_393' title='bbox 818 4056 856 4093; x_wconf 87' lang='lat' dir='ltr'>sn</span> <span class='ocrx_word' id='word_1_394' title='bbox 868 4041 964 4110; x_wconf 91' lang='lat' dir='ltr'>unjust</span> <span class='ocrx_word' id='word_1_395' title='bbox 975 4057 1039 4103; x_wconf 71' lang='grc' dir='ltr'>ω,</span> <span class='ocrx_word' id='word_1_396' title='bbox 1054 4056 1088 4095; x_wconf 87' lang='lat' dir='ltr'>os</span> <span class='ocrx_word' id='word_1_397' title='bbox 1100 4039 1198 4112; x_wconf 63' lang='lat' dir='ltr'>brings</span> 
     </span>
     <span class='ocr_line' id='line_1_42' title="bbox 85 4120 1199 4196; baseline 0.006 -21"><span class='ocrx_word' id='word_1_398' title='bbox 85 4138 133 4191; x_wconf 76' lang='lat' dir='ltr'>my</span> <span class='ocrx_word' id='word_1_399' title='bbox 148 4121 273 4175; x_wconf 86' lang='lat' dir='ltr'>enemics</span> <span class='ocrx_word' id='word_1_400' title='bbox 288 4120 355 4175; x_wconf 80' lang='lat' dir='ltr'>nith</span> <span class='ocrx_word' id='word_1_401' title='bbox 371 4122 438 4186; x_wconf 85' lang='lat' dir='ltr'>him,</span> <span class='ocrx_word' id='word_1_402' title='bbox 459 4123 553 4194; x_wconf 85' lang='lat' dir='ltr'>1mn5</span> <span class='ocrx_word' id='word_1_403' title='bbox 568 4123 642 4196; x_wconf 77' lang='lat' dir='ltr'>dcny</span> <span class='ocrx_word' id='word_1_404' title='bbox 663 4123 712 4180; x_wconf 94' lang='lat' dir='ltr'>the</span> <span class='ocrx_word' id='word_1_405' title='bbox 725 4127 844 4190; x_wconf 69' lang='lat' dir='ltr'>tremite</span> <span class='ocrx_word' id='word_1_406' title='bbox 866 4126 911 4180; x_wconf 81' lang='lat' dir='ltr'>ios</span> <span class='ocrx_word' id='word_1_407' title='bbox 929 4126 960 4180; x_wconf 92' lang='lat' dir='ltr'>in</span> <span class='ocrx_word' id='word_1_408' title='bbox 973 4125 1044 4182; x_wconf 86' lang='lat' dir='ltr'>such</span> <span class='ocrx_word' id='word_1_409' title='bbox 1061 4141 1081 4181; x_wconf 86' lang='lat' dir='ltr'>s</span> <span class='ocrx_word' id='word_1_410' title='bbox 1100 4141 1165 4182; x_wconf 84' lang='lat' dir='ltr'>esse</span> <span class='ocrx_word' id='word_1_411' title='bbox 1182 4122 1199 4181; x_wconf 92' lang='lat'>1</span> 
     </span>
     <span class='ocr_line' id='line_1_43' title="bbox 84 4205 940 4284; baseline 0.008 -26"><span class='ocrx_word' id='word_1_412' title='bbox 84 4205 176 4276; x_wconf 78' lang='lat' dir='ltr'>might</span> <span class='ocrx_word' id='word_1_413' title='bbox 192 4218 268 4262; x_wconf 78' lang='lat' dir='ltr'>moos</span> <span class='ocrx_word' id='word_1_414' title='bbox 282 4206 389 4261; x_wconf 88' lang='lat' dir='ltr'>himen</span> <span class='ocrx_word' id='word_1_415' title='bbox 403 4208 446 4262; x_wconf 91' lang='lat' dir='ltr'>his</span> <span class='ocrx_word' id='word_1_416' title='bbox 462 4225 523 4263; x_wconf 74' lang='lat' dir='ltr'>own</span> <span class='ocrx_word' id='word_1_417' title='bbox 539 4211 649 4281; x_wconf 75' lang='lat' dir='ltr'>ground</span> <span class='ocrx_word' id='word_1_418' title='bbox 662 4211 718 4265; x_wconf 92' lang='lat' dir='ltr'>nnd</span> <span class='ocrx_word' id='word_1_419' title='bbox 733 4220 798 4284; x_wconf 90' lang='lat' dir='ltr'>stop</span> <span class='ocrx_word' id='word_1_420' title='bbox 813 4211 856 4267; x_wconf 87' lang='lat' dir='ltr'>his</span> <span class='ocrx_word' id='word_1_421' title='bbox 871 4227 940 4284; x_wconf 65' lang='lat' dir='ltr'>vesp.</span> 
     </span>
     <span class='ocr_line' id='line_1_44' title="bbox 141 4293 1290 4371; baseline 0.006 -24"><span class='ocrx_word' id='word_1_422' title='bbox 141 4300 158 4346; x_wconf 80' lang='lat'><strong>5</strong></span> <span class='ocrx_word' id='word_1_423' title='bbox 194 4293 309 4349; x_wconf 83' lang='lat' dir='ltr'>Trunsit</span> <span class='ocrx_word' id='word_1_424' title='bbox 324 4296 348 4349; x_wconf 87' lang='lat' dir='ltr'>is</span> <span class='ocrx_word' id='word_1_425' title='bbox 369 4302 400 4349; x_wconf 90' lang='lat' dir='ltr'>tn</span> <span class='ocrx_word' id='word_1_426' title='bbox 416 4293 452 4350; x_wconf 89' lang='lat' dir='ltr'>be</span> <span class='ocrx_word' id='word_1_427' title='bbox 466 4296 585 4366; x_wconf 74' lang='lat' dir='ltr'>grontcd</span> <span class='ocrx_word' id='word_1_428' title='bbox 605 4305 656 4352; x_wconf 92' lang='lat' dir='ltr'>not</span> <span class='ocrx_word' id='word_1_429' title='bbox 671 4299 737 4371; x_wconf 70' lang='lat' dir='ltr'>only</span> <span class='ocrx_word' id='word_1_430' title='bbox 749 4306 781 4353; x_wconf 90' lang='lat' dir='ltr'>tn</span> <span class='ocrx_word' id='word_1_431' title='bbox 799 4313 925 4370; x_wconf 84' lang='lat' dir='ltr'>persons,</span> <span class='ocrx_word' id='word_1_432' title='bbox 939 4297 992 4352; x_wconf 83' lang='lat' dir='ltr'>hut</span> <span class='ocrx_word' id='word_1_433' title='bbox 1006 4302 1038 4352; x_wconf 90' lang='lat' dir='ltr'>to</span> <span class='ocrx_word' id='word_1_434' title='bbox 1051 4293 1199 4353; x_wconf 74' lang='lat' dir='ltr'>moechm·</span> <span class='ocrx_word' id='word_1_435' title='bbox 1285 4331 1290 4341; x_wconf 91' lang='lat'><em>·</em></span> 
     </span>
    </p>

    <p class='ocr_par' dir='ltr' id='par_1_9' title="bbox 83 4377 1199 4457">
     <span class='ocr_line' id='line_1_45' title="bbox 83 4377 1199 4457; baseline 0.007 -25"><span class='ocrx_word' id='word_1_436' title='bbox 83 4377 162 4443; x_wconf 86' lang='lat' dir='ltr'>disn;</span> <span class='ocrx_word' id='word_1_437' title='bbox 180 4379 226 4435; x_wconf 89' lang='lat' dir='ltr'>t&#39;er</span> <span class='ocrx_word' id='word_1_438' title='bbox 241 4398 279 4436; x_wconf 92' lang='lat' dir='ltr'>no</span> <span class='ocrx_word' id='word_1_439' title='bbox 291 4398 346 4437; x_wconf 90' lang='lat' dir='ltr'>one</span> <span class='ocrx_word' id='word_1_440' title='bbox 358 4381 439 4436; x_wconf 78' lang='lat' dir='ltr'>hess</span> <span class='ocrx_word' id='word_1_441' title='bbox 454 4382 530 4452; x_wconf 76' lang='lat' dir='ltr'>right</span> <span class='ocrx_word' id='word_1_442' title='bbox 544 4390 575 4437; x_wconf 90' lang='lat' dir='ltr'>to</span> <span class='ocrx_word' id='word_1_443' title='bbox 591 4382 705 4456; x_wconf 84' lang='lat' dir='ltr'>impcdo</span> <span class='ocrx_word' id='word_1_444' title='bbox 717 4399 772 4440; x_wconf 93' lang='lat' dir='ltr'>one</span> <span class='ocrx_word' id='word_1_445' title='bbox 784 4385 882 4439; x_wconf 77' lang='lat' dir='ltr'>neuen</span> <span class='ocrx_word' id='word_1_446' title='bbox 895 4385 925 4441; x_wconf 88' lang='lat' dir='ltr'>in</span> <span class='ocrx_word' id='word_1_447' title='bbox 939 4383 1106 4457; x_wconf 57' lang='lat' dir='ltr'>culusum}</span> <span class='ocrx_word' id='word_1_448' title='bbox 1116 4381 1199 4440; x_wconf 80' lang='lat' dir='ltr'>esde</span> 
     </span>
    </p>
   </div>
   <div class='ocr_carea' id='block_1_6' title="bbox 0 0 1392 4854">
    <p class='ocr_par' dir='ltr' id='par_1_10' title="bbox 0 0 1392 4854">
     <span class='ocr_line' id='line_1_46' title="bbox 0 0 1392 4854; baseline 0 0"><span class='ocrx_word' id='word_1_449' title='bbox 0 0 1392 4854; x_wconf 95' lang='lat' dir='ltr'> </span> 
     </span>
    </p>
   </div>
  </div>
 </body>
</html>
