2774 4854
235 239 301 307 130
534 248 649 306 naum
670 246 857 306 PARTITIO
878 245 1050 304 DUPLEX.
1246 243 1349 318 [brai.

232 415 399 498 transibat,
425 416 521 486 etiam
538 428 610 507 post
627 419 773 508 Ephoros
793 417 989 485 constitutos.
1037 418 1082 484 Et
1104 413 1146 483 do
1169 415 1228 482 tali
1244 437 1348 507 regno,

70 531 190 576 ΝΜ
234 516 270 586 id
293 527 350 598 est,
373 517 560 608 principatu,
580 528 628 586 est
647 518 733 609 apud
757 517 979 586 Aristotelem:
1003 511 1135 587 τούτων
1158 517 1230 584 τῶν
1254 513 1349 603 βασι-

235 615 334 690 λειῶν
357 617 391 687 oi
407 616 466 702 pio
491 616 578 687 κατὰ
593 616 694 710 γένος·
715 622 806 697 eicio,
831 625 865 687 oi
883 611 918 687 ii
936 616 1076 710 αἱρεταὶ,
1103 617 1260 704 quoetlam
1279 639 1348 684 tan·

233 721 348 807 quinis
363 720 452 804 jure,
477 722 627 806 quoedom
644 722 794 788 electione
810 721 1024 806 deferuntur:
1047 726 1080 785 et
1103 715 1254 782 Heroiois
1276 723 1348 784 tem·

235 819 366 908 poribus
390 811 555 907 'pleraque
576 819 608 884 in
629 820 758 886 Graecia
780 841 880 908 regna
897 818 973 886 talia
995 817 1091 885 fuisso
1116 823 1151 884 et
1176 817 1247 904 ipse
1264 825 1347 884 notat

69 933 199 985 flattu
237 927 272 986 ot
296 917 506 1008 Thucydides.
562 918 683 986 Contra
707 922 883 986 Romanum
907 919 1083 1007 imperium,
1109 916 1207 984 etiam
1231 916 1347 984 sublata

237 1016 322 1085 omui
337 1025 466 1084 senatus
484 1025 517 1084 et
534 1018 639 1107 populi
656 1029 822 1107 potestate,
846 1041 903 1107 per
920 1017 1103 1087 electionem
1120 1016 1345 1085 conterebatur.

119 1199 120 1202 Ἴ
247 1177 253 1186 ,
312 1117 373 1183 XI.
415 1117 434 1182 1
470 1116 581 1184 Altera
598 1120 699 1186 cautio
721 1120 789 1186 huno
806 1129 883 1186 esto.
935 1118 1052 1185 ‘Aliud
1069 1139 1137 1184 esso
1158 1117 1200 1185 de
1216 1140 1254 1186 re
1270 1140 1345 1206 qua

234 1236 319 1296 rere,
344 1215 430 1284 alind
446 1215 487 1284 de
510 1217 602 1284 modo
619 1219 766 1298 habendi,
793 1218 876 1306 quod
899 1241 963 1286 non
987 1217 1258 1307 incorporalibus
1282 1227 1346 1286 tnn-

236 1323 315 1396 tum,
341 1317 398 1384 sed
414 1326 447 1384 et
461 1316 495 1383 in
510 1317 757 1408 incorporalibus
775 1318 924 1407 procedit.
967 1319 1013 1386 Ut
1030 1318 1112 1384 enim
1129 1339 1181 1385 res
1199 1325 1250 1386 est
1263 1339 1345 1407 ager,

236 1416 284 1484 ita
305 1423 339 1484 et
353 1417 425 1494 iter,
450 1426 549 1495 aetus,
571 1417 632 1487 ria.
680 1419 742 1486 Sed
762 1420 830 1485 haec
854 1419 907 1485 alii
932 1416 1050 1485 habent
1070 1417 1145 1505 juro
1161 1416 1256 1506 pleno
1281 1440 1345 1507 pro·

237 1515 389 1606 prietatis,
419 1515 472 1582 alii
492 1516 566 1603 juro
595 1517 835 1594 usufructuario,
864 1517 918 1585 alii
947 1517 1022 1604 jure
1056 1517 1270 1602 temporario:
1305 1517 1345 1584 ita

237 1637 392 1682 summum
417 1615 581 1704 imperium
608 1617 742 1685 dictator
771 1619 933 1684 Romanus
953 1614 1091 1683 habebat
1116 1608 1209 1705 ¹¹jure
1235 1627 1345 1706 tempo

237 1712 344 1782 ratio:
373 1737 467 1804 reges
492 1716 660 1804 ‘plerique
688 1726 754 1784 tam
780 1718 834 1804 qui
862 1717 954 1806 primi
980 1715 1149 1806 eliguntur,
1178 1739 1275 1805 quam
1299 1718 1345 1806 qui

237 1812 345 1882 electis
364 1813 504 1905 legitimo
525 1816 634 1882 ordine
654 1817 832 1894 succedunt,
853 1817 928 1904 juro
948 1815 1200 1884 usufructuario:
1225 1827 1260 1885 at
1279 1818 1344 1904 qui·

237 1913 312 1981 dam
327 1936 420 2004 reges
436 1914 529 2004 pleno
540 1915 616 2002 jure
632 1915 843 2004 proprietatis,
862 1924 898 1982 ut
914 1917 968 2004 qui
980 1915 1067 2004 justo
1085 1916 1168 1984 bello
1185 1915 1344 2006 imperium

237 2012 459 2101 quasiverunt,
477 2017 550 2083 ⁶aut
565 2014 744 2102 inquorum
762 2014 916 2083 ditionem
932 2016 1067 2104 populus
1084 2016 1207 2104 aliquis,
1225 2016 1344 2108 majoris

237 2112 312 2181 mali
328 2113 448 2182 rimndi
465 2136 567 2194 causa
584 2114 631 2182 ita
646 2137 681 2182 se
697 2114 827 2195 dedidit,
846 2125 882 2184 ut
897 2115 976 2182 nihil
992 2115 1204 2205 exciperetur.

283 2265 294 2303 Ι
306 2265 428 2328 Pleraque
448 2267 475 2314 in
499 2266 594 2315 Graecia
613 2268 770 2329 reportatio
818 2267 1164 2330 decolorationem).

230 2340 325 2404 fiisse]
341 2341 460 2389 Nonum
475 2342 500 2389 id
515 2347 541 2391 et
561 2342 678 2404 Dionysio
700 2343 769 2389 ilali-
864 2343 875 2373 ⁸
890 2344 963 2390 Posui
973 2344 1089 2406 plerique,
1102 2359 1148 2406 pro
1160 2345 1271 2408 offerrique¹
1286 2346 1344 2408 quod

238 2417 387 2465 ammone
397 2415 472 2464 Libro
482 2430 512 2464 ιι.
523 2419 590 2478 (cop.
600 2417 768 2477 12),etLib.r.
819 2421 844 2468 in
855 2420 967 2467 omnibns
981 2425 1018 2467 est
1029 2417 1094 2467 Edd.
1112 2421 1164 2470 Res
1176 2421 1231 2484 ipsu
1243 2423 1344 2486 postulet

238 2491 304 2555 (esp.
314 2491 366 2552 ts).
819 2495 881 2542 hune
896 2495 1101 2554 emendationem
1116 2501 1143 2544 et
1162 2499 1286 2560 oppostno
1303 2499 1344 2546 τοῦ

282 2576 296 2613 t
308 2568 387 2616 Aliud
393 2568 456 2616 dere
464 2583 576 2630 quarere,
585 2569 655 2616 uliud
663 2570 693 2616 de
702 2570 769 2616 modo
819 2571 917 2630 qnidam
927 2585 1002 2631 repes,
1010 2571 1035 2617 in
1045 2573 1158 2633 sequenti
1172 2576 1291 2623 membro.
1310 2575 1344 2622 Sic

237 2642 703 2705 habendilvideateuivoeatcnroium
715 2647 770 2692 hlo-
820 2645 915 2691 Auctor
924 2645 994 2703 inira,
1008 2644 1070 2706 514.
1092 2646 1345 2711 Permesse-petr

237 2718 335 2766 Meum
360 2720 392 2766 ad
411 2721 597 2767 eonsuetudines
616 2721 770 2779 Porisienscs,
819 2733 910 2767 summu
924 2734 970 2766 aen
983 2721 1053 2780 pleae
1067 2721 1211 2772 haicam
1234 2724 1270 2772 1·:t
1280 2724 1344 2772 alibi:

238 2793 287 2842 'rit
299 2807 318 2840 r.
329 2792 344 2855 5
354 2796 377 2850 t,
387 2793 422 2855 gl.
433 2797 456 2840 t.
470 2808 537 2841 num.
547 2794 575 2842 16
590 2801 616 2841 et
626 2798 664 2842 17.
820 2795 904 2855 Renes,
914 2795 996 2855 quoles
1003 2809 1065 2843 nunc
1073 2802 1129 2844 rant
1139 2798 1289 2860 Pnrnuoun,
1298 2814 1345 2860 uo·

283 2868 374 2915 *lure
391 2867 549 2929 temporario]
566 2870 723 2929 Imperatoris
738 2872 769 2918 ud
819 2883 873 2915 nrum
895 2870 1005 2916 habentes
1024 2885 1071 2917 non
1090 2872 1116 2918 in
1133 2875 1292 2933 patrimonio,
1309 2874 1346 2921 ted

239 2948 337 3005 tempus
359 2945 416 2992 iacti
442 2944 579 3005 exemplum
605 2945 680 2991 habes
704 2947 769 3006 apud
819 2945 1344 3010 tompucminurusructuete.1.ib.tn.enp.

9 3022 15 3109 t
240 3017 376 3079 Gregorius
398 3016 467 3065 Libri
486 3030 521 3064 rr.
539 3018 617 3066 initio.
638 3019 713 3079 (Peg.
730 3019 769 3067 36.
819 3018 915 3081 20,§o.
946 3020 1272 3079 hunnimundum
1285 3040 1346 3073 nen·

819 3147 938 3156 ——u-
952 3151 990 3155 ....

239 3230 361 3286 election
382 3231 416 3286 of
430 3230 480 3287 tho
499 3231 597 3304 family
621 3234 643 3288 is
663 3235 814 3291 continued
830 3236 868 3308 by
882 3240 1056 3295 succession=
1075 3239 1220 3299 whatever
1234 3252 1345 3301 amount

239 3316 274 3372 of
281 3316 358 3388 right
372 3317 421 3372 the
433 3319 494 3373 first
509 3319 629 3374 election
640 3321 724 3391 gives,
739 3321 788 3376 the
804 3326 961 3380 succession
974 3327 1119 3383 transmits
1132 3327 1281 3389 thesaure.
1311 3333 1344 3386 So

239 3401 289 3458 the
300 3404 534 3459 Laeedcemonian
548 3406 638 3477 kings,
654 3407 761 3478 though
772 3415 822 3463 not
837 3410 974 3476 absolute,
989 3429 1062 3468 were
1077 3413 1253 3489 hereditary.
1290 3417 1345 3473 Tho

238 3487 439 3545 distinctionis
455 3491 542 3545 noted
559 3492 597 3563 by
614 3494 748 3547 Aristotlo
760 3496 815 3549 and
831 3496 1019 3569 Thucydides.
1044 3500 1090 3556 On
1104 3500 1155 3556 tho
1170 3501 1256 3559 other
1265 3502 1344 3567 band,

240 3574 291 3631 tho
305 3577 416 3631 Roman
432 3577 538 3648 empirc
554 3595 609 3631 was
624 3578 760 3643 absolute,
776 3588 824 3651 yet
839 3582 965 3639 elective.

291 3662 347 3719 XI.
386 3666 400 3716 1
428 3664 454 3717 A
473 3664 575 3717 second
591 3667 704 3718 cantion
723 3667 745 3719 is
762 3667 826 3722 this.
872 3670 926 3726 We
941 3677 1016 3727 must
1034 3672 1205 3745 distinguish
1222 3674 1345 3732 boticem

238 3748 314 3803 what
325 3766 343 3803 a
357 3748 438 3822 thing
453 3750 484 3813 is,
499 3749 555 3803 and
568 3750 641 3804 what
657 3752 679 3804 is
696 3752 744 3806 tho
759 3753 827 3808 kind
842 3756 876 3809 of
887 3760 1044 3828 possession
1060 3759 1094 3813 oi
1104 3760 1137 3815 it.
1176 3760 1203 3816 Δ
1219 3761 1303 3834 thing
1317 3762 1345 3826 is,

239 3835 285 3891 sor
306 3837 443 3906 example,
458 3852 476 3889 n
494 3837 573 3906 picco
591 3836 625 3890 oi
640 3838 722 3902 land;
745 3840 813 3904 also,
836 3843 865 3895 in
887 3843 942 3898 this
958 3861 1047 3909 sense,
1070 3861 1088 3898 a
1106 3846 1187 3911 rond,
1204 3864 1245 3904 nn
1263 3855 1345 3915 ncta

216 3887 225 3965 l
238 3920 315 3991 right
330 3921 363 3975 oi
373 3939 440 3993 way.
463 3922 535 3975 Now
547 3922 614 3975 such
628 3942 645 3976 a
658 3923 738 3995 thing
750 3927 857 3998 nrnybc
870 3928 936 3982 held
946 3931 1025 4000 pleno
1034 3933 1108 4004 jure,
1120 3932 1151 3986 in
1163 3933 1219 3989 tull
1233 3935 1310 4009 right
1320 3935 1349 3991 oi

212 4002 217 4030 ¹
238 4012 391 4077 propert53
410 4024 443 4061 or
451 4010 515 4078 jure
528 4011 741 4081 interiectum-io,
756 4030 785 4066 ns
801 4020 900 4068 tenant
916 4015 960 4070 for
974 4017 1040 4082 life;
1059 4033 1092 4071 or
1100 4019 1167 4090 jere
1178 4023 1346 4095 temporario,

239 4108 270 4146 as
288 4098 387 4146 tenant
409 4092 455 4147 sor
473 4094 573 4148 ntimo
592 4095 667 4166 only.
714 4098 791 4153 'rhus
810 4100 859 4155 tho
879 4103 991 4157 Roman
1007 4104 1139 4160 Dictator
1153 4104 1224 4162 held
1244 4108 1290 4165 bis
1302 4126 1347 4163 an·

239 4177 346 4250 thority
361 4195 391 4233 as
407 4186 568 4252 temporary
580 4190 694 4246 tennnt3
712 4194 784 4240 most
795 4187 885 4257 binga,
900 4189 970 4244 both
986 4191 1096 4246 elected
1108 4192 1166 4247 and
1179 4193 1347 4267 bereditury,

238 4265 277 4338 by
288 4265 489 4338 usufructunry
504 4267 594 4335 right:
612 4269 664 4322 but
679 4287 756 4326 sorno
776 4274 866 4345 kings,
888 4277 917 4329 in
932 4277 986 4330 tull
1002 4277 1077 4349 right
1093 4278 1127 4334 oi
1142 4288 1301 4355 propertyr
1321 4298 1347 4336 us

239 4350 321 4407 those
342 4351 405 4408 who
421 4353 493 4408 hare
505 4356 637 4424 required
651 4356 724 4410 their
740 4373 834 4430 pon-er
846 4363 876 4415 in
888 4379 906 4417 a
921 4363 1076 4434 legitimato
1092 4382 1160 4432 war,
1170 4384 1205 4423 or
1217 4369 1250 4424 in
1262 4368 1349 4425 whose

239 4453 334 4513 power
348 4456 402 4513 any
413 4441 514 4513 peoplo
526 4440 576 4496 hos
591 4449 644 4515 put
656 4443 736 4500 itseli
748 4446 914 4522 absolutely,
929 4449 974 4504 ior
988 4467 1067 4507 sonte
1078 4452 1225 4513 sufficient
1239 4457 1348 4514 metite.
