2774 4854
422 162 614 220 emerent
636 161 689 218 AD
713 161 932 221 LECTOREM.
1172 154 1268 222 xxxiii

65 406 67 419 Ι
122 346 184 390 mm
200 327 228 393 6.
253 333 319 394 not.
337 328 390 395 84.
417 330 488 396 Lib.
508 329 554 396 ΙΙ.
581 351 650 419 cap.
668 352 688 397 1.
714 326 785 428 §a
810 339 873 399 not
892 331 946 398 34.
970 338 1004 399 et
1029 350 1097 419 cap.
1117 353 1163 398 ιιι.
1192 326 1211 430 i
1226 336 1258 404 4.

65 424 67 437 “
120 435 169 492 net.
184 429 231 496 12.
254 450 324 516 cap.
341 451 388 495 rx.
417 423 436 527 p
455 434 508 497 11.
535 441 600 499 not
619 433 672 501 67.
698 455 765 521 cap.
784 455 831 498 xa.
857 427 923 528 di.
947 441 1011 500 not.
1031 434 1084 500 00.
1113 455 1181 521 cap.
1199 455 1259 502 xrr.

120 521 189 623 §la
214 536 277 595 not
294 532 351 609 89,
379 531 436 598 &a
485 534 583 599 Immo
601 533 634 599 in
651 532 697 610 iis,
715 555 787 621 qnae
803 544 971 600 occurrunt
985 533 1028 600 ad
1047 533 1260 622 Antiquitatcs

119 630 254 696 etllrtem
273 629 421 697 Critieam
442 634 625 722 spectantia,
651 634 819 722 aliquando
841 634 965 700 ridetur
988 636 1082 722 plane
1108 636 1197 713 alius,
1221 657 1260 703 ae

118 727 157 794 ubi
172 729 200 794 in
220 731 381 798 veteribus
402 733 521 800 Graecis
546 744 602 802 aut
626 735 746 802 Latinis
771 735 964 822 exponendis
988 735 1194 802 versabatur:
1221 746 1259 804 ut

119 828 169 899 bb.
184 829 209 896 1.
230 852 299 918 cap.
317 852 365 899 ιιι.
390 826 408 929 d
425 836 477 901 15.
496 844 559 902 not
579 837 643 914 653
662 835 731 900 Lib.
751 836 883 923 lI.'cap.
902 857 986 903 xxrr.
1005 833 1069 948 pl.
1088 843 1155 902 not.
1174 835 1206 914 7,
1224 845 1258 905 et

118 924 168 1042 pi.
182 939 244 998 not.
262 934 328 1012 lo;
353 934 420 1000 Lib.
440 935 501 1001 111.
519 957 586 1023 cap.
604 959 662 1003 xx.
682 933 700 1034 p
720 936 750 1004 7.
769 946 832 1002 not.
851 939 905 1016 21,
923 945 956 1003 et
973 935 1057 1003 aiibi.
1108 936 1207 1016 Talia,
1221 947 1259 1005 ut

114 1051 162 1116 pam
182 1030 256 1110 dixi,
282 1032 367 1100 aliud
393 1035 517 1124 agendo
540 1046 662 1103 tantum
688 1035 884 1103 notavimus:
919 1058 959 1101 ne
982 1035 1052 1123 quis
1074 1046 1174 1125 putet,
1200 1059 1258 1105 nos

117 1130 229 1216 probare
245 1154 294 1210 ea,
318 1133 487 1223 dequibus
507 1136 654 1205 siluimus.
707 1138 843 1203 Tantum
860 1135 950 1201 abest
966 1135 1058 1216 enim,
1082 1145 1119 1203 nt
1135 1137 1175 1204 de
1193 1161 1258 1204 om·

117 1229 186 1297 abus
201 1232 293 1299 Notis
305 1233 376 1300 viri
390 1236 599 1304 Eruditissimi
616 1236 809 1304 excutiendis
826 1234 1076 1326 cogitaverimus,
1094 1245 1258 1307 utcontra

117 1326 253 1399 inocnlos
277 1332 473 1404 incurrentes
498 1338 593 1405 salsas
618 1338 839 1427 explicationes
865 1336 1031 1424 aliquando
1059 1337 1135 1404 data
1159 1360 1258 1428 opera

117 1426 230 1500 indicere
247 1434 448 1515 noluerimus,
472 1439 557 1525 qnod
575 1440 673 1505 rerba
688 1437 835 1506 Auctoris
856 1436 933 1504 satis
956 1437 1042 1504 clara
1064 1436 1153 1503 nobie
1171 1438 1257 1507 ride·

117 1541 213 1612 natur,
231 1542 268 1601 ut
284 1534 399 1601 nemini
416 1536 599 1605 adtendenti
618 1539 721 1605 fraudi
739 1561 807 1604 esse
824 1547 931 1625 posset
948 1560 1039 1604 error
1058 1536 1256 1626 Interpretis.

118 1627 206 1720 lieqne
221 1633 316 1702 etiam
334 1635 366 1702 id
385 1638 502 1726 negotii
519 1639 608 1705 nobis
629 1639 736 1706 datum
755 1637 942 1726 putarimus,
965 1646 1002 1702 nt
1017 1636 1087 1705 loca
1103 1638 1256 1707 Veterum

117 1728 206 1800 abillo
221 1735 351 1803 laudata
372 1736 404 1803 in
425 1738 499 1826 ipsis
522 1738 660 1805 lontibus
677 1759 899 1826 quaereremus,
924 1736 1000 1804 satis
1022 1760 1179 1827 superque
1201 1740 1258 1807 ba·

118 1826 212 1912 intes,
228 1836 256 1903 si
274 1858 399 1904 errores
416 1837 447 1903 in
464 1839 601 1906 numeris
617 1850 728 1928 sponte
745 1860 813 1904 sese
831 1839 998 1904 offerentes
1015 1838 1204 1918 tolleremus,
1220 1850 1257 1908 ut

118 1939 142 1995 e
163 1936 269 2004 menda
295 1936 363 2004 sire
391 1939 629 2030 typographica,
656 1941 723 2005 sire
750 1949 821 2005 orta
847 1960 866 2004 e
891 1937 1002 2005 vitioso
1028 1937 1144 2017 codice,
1172 1940 1257 2009 unde

117 2027 188 2101 dota
201 2037 269 2104 tiri
283 2037 460 2106 Doctissimi
477 2040 612 2129 primum
630 2040 723 2106 editae
741 2049 831 2117 sunt3
850 2060 952 2127 neque
969 2039 1052 2104 enim
1069 2039 1111 2107 ad
1129 2062 1255 2109 manum

117 2127 161 2197 luit
174 2137 271 2224 prima
290 2137 345 2206 illa
363 2137 479 2207 Editio.
532 2140 591 2207 Vel
613 2140 657 2207 sie
678 2150 783 2206 tamen
804 2139 898 2228 longe
920 2139 1150 2208 emendatiores
1173 2163 1256 2210 nuno

116 2234 256 2316 adeunt,
276 2248 312 2305 nt
327 2262 366 2306 ex
384 2240 547 2307 collatione
564 2240 808 2330 praecedentium
825 2239 1006 2308 Editionum
1024 2263 1094 2307 cum
1109 2240 1169 2309 hae
1184 2265 1256 2311 nos-

117 2338 155 2397 lta
167 2336 256 2406 cuivis
273 2339 470 2408 manifestum
489 2341 558 2409 erit

173 2438 319 2528 Superest
335 2451 371 2507 ut
387 2441 562 2519 doceamus,
586 2442 741 2530 quomodo
759 2444 873 2510 Lector
895 2441 1079 2533 dignoscere
1093 2451 1190 2532 queat
1205 2466 1254 2524 ea,

116 2550 171 2616 qna
190 2550 303 2607 nostem
324 2540 487 2610 industriae
506 2542 671 2623 debentur,
694 2543 747 2610 ubi
768 2543 885 2610 scilicet
902 2545 934 2609 id
952 2544 1073 2634 egimus
1093 2555 1129 2612 ut
1146 2544 1256 2613 distin·

117 2634 158 2717 gui
172 2650 299 2726 possent,
321 2643 407 2710 nulla
433 2643 666 2734 comparatione
687 2667 756 2711 curn
783 2643 852 2709 aliis
876 2643 1073 2711 Editionibus
1101 2644 1254 2715 instituta

117 2729 189 2813 iim.
208 2752 243 2809 ut
259 2766 299 2809 ex
316 2743 492 2830 jamdictis
512 2743 709 2834 intelligitur,
734 2744 869 2832 plurima
883 2754 956 2812 sunt
971 2745 1049 2823 loea,
1071 2745 1122 2812 rel
1144 2767 1185 2812 ex
1202 2768 1256 2814 re-

117 2833 212 2906 ieribus
229 2842 436 2922 Editionibus,
455 2846 504 2912 rel
520 2846 586 2912 sine
604 2846 725 2912 illarum
744 2867 813 2934 opo,
831 2868 871 2910 cx
889 2845 1067 2911 certissimis
1083 2845 1256 2915 rationibus

117 2935 192 3005 acite
206 2944 390 3012 emendata:
408 2953 474 3011 tum
491 2968 615 3012 errores
631 2945 662 3010 in
678 2943 893 3034 designatione
907 2944 1083 3026 Librorum,
1099 2946 1254 3035 Capitum,

118 3028 259 3120 i'trsnnm,
291 3045 351 3111 dte.
380 3045 447 3112 sere
474 3069 598 3135 semper
625 3046 842 3135 expunximus,
870 3045 955 3110 nulla
980 3045 1137 3113 mentione
1160 3048 1254 3128 lacte,

65 3168 68 3281 p
118 3135 184 3203 nollo
199 3143 308 3211 indicio
326 3146 401 3212 dato
421 3147 639 3226 correctionis;
668 3146 753 3233 quod
778 3147 890 3211 molem
914 3145 1079 3211 voluminis
1102 3146 1256 3217 inutiliter

65 3288 67 3316 ;
116 3239 240 3322 enabat,
257 3256 291 3312 et
305 3246 439 3335 speeiem
455 3247 642 3336 paginarum
660 3247 831 3314 deformem
848 3246 1043 3333 aliquatenus
1058 3247 1255 3317 reddidisset

118 3330 174 3408 0¹1⁸
187 3343 222 3410 de
239 3368 348 3414 caussa
364 3347 457 3413 etiam
475 3346 505 3413 in
519 3347 670 3436 margine,
690 3348 741 3414 ubi
755 3347 930 3413 addidimus
944 3346 1078 3424 titulum,
1092 3370 1255 3415 numerum

117 3424 196 3519 Libri,
218 3445 349 3536 Capitis,
367 3449 497 3526 Versus,
517 3447 656 3536 l’aginm,
678 3447 792 3513 nullam
818 3447 1023 3514 distinctionis
1040 3456 1145 3513 notam
1167 3448 1255 3517 ullibi

114 3529 298 3640 {deerimus
352 3548 416 3616 Sed
431 3549 464 3615 in
480 3548 549 3637 ipso
569 3558 727 3624 contextu,
745 3557 800 3613 aut
818 3548 849 3613 in
867 3547 967 3624 Notis,
986 3547 1064 3614 tales
1080 3548 1256 3617 additiones

112 3645 283 3718 sanavimus
306 3648 428 3716 duobus
448 3650 546 3726 uncis,
565 3648 679 3737 sapius
697 3649 755 3713 hec
773 3649 864 3713 modo
885 3649 898 3733 (
918 3650 941 3734 )‚
968 3649 1070 3714 rarius
1087 3648 1147 3714 isto
1172 3646 1188 3736 [
1208 3648 1255 3739 ]¹.

109 3727 225 3837 donne
247 3757 352 3814 autem
370 3761 487 3817 nostrae
506 3749 556 3815 vel
573 3758 728 3837 separatae
751 3747 875 3813 omnino
893 3757 975 3825 sunt,
994 3760 1027 3814 et
1044 3758 1118 3815 tune
1135 3772 1155 3814 a
1174 3751 1256 3817 Gro-

107 3832 187 3908 tanis
207 3846 256 3913 rei
280 3848 491 3917 Gronovianis
516 3850 752 3939 distinguuntur
779 3847 878 3913 literis
905 3848 1079 3937 duplicibus
1101 3849 1142 3914 ab
1167 3849 1256 3917 initio

100 3939 209 4027 Mitis,
233 3948 293 4014 bac
309 3949 433 4018 ratione
450 3953 542 4037 (aa)¹:
568 3950 677 4039 primis
694 3959 799 4016 autem
817 3949 947 4015 nominis
964 3949 1063 4016 nostri
1081 3949 1113 4015 in
1130 3949 1191 4016 line
1211 3950 1256 4018 sic

92 4079 153 4205 h:
166 4089 292 4139 amarem
306 4093 414 4155 penne
428 4099 454 4142 ω
468 4096 510 4144 tn·
519 4101 619 4158 present
633 4096 724 4143 «ιιιιοιι
739 4108 781 4142 m
796 4093 972 4153 cntingat-bed
988 4094 1018 4156 n,
1034 4093 1123 4141 eouer-
1137 4093 1258 4153 emme,

134 4234 151 4266 '
165 4162 248 4294 inibe
263 4251 362 4307 {ruent
377 4248 467 4296 edition
484 4249 638 4299 Barberrac's
653 4251 731 4299 Kotes
746 4262 787 4295 are
803 4246 902 4294 nrartcd
923 4247 953 4307 by
970 4246 1011 4292 tbe
1028 4245 1118 4292 anule
1136 4245 1258 4295 numerals

81 4283 156 4365 ’ἦ
166 4323 178 4368 1
189 4328 215 4370 te
225 4324 255 4374 0:
270 4325 313 4372 the
324 4324 401 4373 lintea
414 4327 443 4372 ot
457 4302 646 4390 umim'betng
661 4326 760 4376 marked
776 4326 806 4386 by
818 4325 859 4373 tiae
875 4323 953 4383 single
968 4322 1054 4370 lettera
1068 4323 1097 4370 ot
1110 4323 1152 4369 tbe
1162 4322 1258 4385 Alpbe.

77 4357 139 4443 Κ
155 4411 181 4445 ι
197 4399 222 4447 ι.
237 4401 280 4449 n·
293 4400 383 4450 mn«
396 4401 509 4451 sumna

191 4513 311 4607 [eaor.
326 4517 366 4608 a]
1136 4488 1155 4532 ⁰
