2774 4854
235 183 278 247 24
531 192 628 261 an
653 191 821 259 nunnoni,
846 189 943 258 oum
966 187 1046 246 rus.
1231 177 1309 252 [ura
1324 178 1350 236 1.

234 363 327 429 Rom.
345 359 375 428 ii.
398 361 451 428 14.
504 363 584 430 Crem
607 374 812 449 peritosque
841 361 939 447 Iepem
966 380 1030 425 noa
1054 355 1173 423 babent
1200 346 1348 419 'uerrere

236 477 352 551 serapte
377 462 423 548 (id
448 470 496 530 ost
520 461 659 529 moribus
683 484 723 528 ex
748 459 900 551 primaevo
923 460 1010 526 sonte
1035 455 1252 524 manantibus:
1281 452 1346 519 nisi

237 563 307 652 quis
323 563 412 632 malit
431 562 508 630 illud
530 577 655 630 notura
673 562 794 629 referre
815 562 857 629 ad
877 558 1096 649 procedentia,
1123 565 1159 623 ut
1180 575 1346 643 opponan-

237 674 292 731 tur
308 674 418 756 gentos
434 664 458 728 J
462 663 558 730 udaeis
569 663 680 750 quibus
689 664 795 729 statim
812 661 893 728 natis
904 661 955 728 lex
971 658 1190 742 instillabatur)
1198 657 1344 743 socient

237 788 278 833 eo
302 789 375 852 pure
400 767 480 852 lepis
505 777 603 831 curet:
631 767 690 830 icti
717 767 814 850 tepent
835 785 900 830 nore
914 764 1066 828 babentes
1090 760 1157 827 cibi
1171 769 1249 824 rent
1268 757 1344 823 lex:

237 877 274 932 ut
289 869 348 953 qui
364 868 535 934 ostendent
551 867 658 949 epicuru
675 888 755 950 opus
773 866 852 950 lepis
869 864 1028 930 circuitibus
1044 865 1113 928 suia
1133 860 1342 946 inscriptum,

237 967 339 1032 mmrrl
355 966 572 1033 testimonium
593 967 744 1033 reddente
764 967 910 1052 ipsorum
930 964 1139 1040 conscientia,
1164 972 1195 1028 ct
1216 961 1343 1048 copita-

237 1067 381 1132 tiorribuo
405 1088 472 1132 sese
498 1078 609 1132 mutuo
634 1067 865 1133 accusantibus
890 1075 950 1130 aret
974 1066 1075 1130 ctiam
1098 1062 1341 1130 cremantibus.

236 1163 283 1231 Et
302 1164 380 1232 illud
397 1165 522 1233 ibidem.
576 1169 616 1234 Si
633 1169 837 1254 preputium
859 1164 903 1250 (id
927 1171 975 1230 ost
998 1162 1205 1253 praeputiatus
1233 1161 1342 1246 homo)

237 1266 379 1334 observet
398 1270 593 1334 errarrdetum
618 1269 707 1354 lepis,
728 1290 830 1333 rrorrnc
848 1266 1053 1353 preputium
1073 1265 1168 1330 illius
1187 1285 1254 1350 pro
1272 1264 1341 1329 eir-

66 1377 210 1471 ppurffl
236 1369 429 1436 eurrreieioae
458 1367 694 1455 reputabitur?
756 1368 843 1433 Bene
870 1385 946 1453 ergo
978 1363 1011 1428 in
1043 1363 1068 1428 J
1070 1361 1178 1450 osepbi
1208 1360 1342 1428 historia

65 1470 208 1511 ‘tt-‘lm
233 1466 373 1534 Ananias
406 1468 431 1533 J
433 1467 529 1534 udoeis
566 1470 673 1534 Izateu
706 1467 902 1534 Adiabenum
934 1463 1072 1552 (Ecaten
1101 1462 1185 1529 bunc
1213 1461 1342 1529 Tacitus

233 1570 339 1651 vocnt)
364 1567 497 1634 docebat
522 1561 638 1635 ketiam
663 1568 743 1636 eitra
765 1563 1026 1633 circumcisionem
1042 1563 1147 1631 Deum
1172 1573 1262 1630 recto
1282 1562 1340 1630 coli

232 1675 265 1733 ot
282 1666 451 1756 propitium
464 1669 575 1736 haberi
591 1691 691 1756 posse.
742 1667 824 1734 Nam
842 1663 926 1754 quod
943 1664 1086 1731 extranei
1104 1662 1193 1730 multi
1210 1663 1340 1730 eircum-

230 1765 285 1833 cisi
302 1777 384 1849 sunt,
403 1778 437 1835 et
454 1790 511 1857 por
528 1768 789 1835 circumcisionem
808 1767 871 1856 legi
887 1786 922 1830 se
939 1762 1120 1853 obligarunt
1137 1766 1186 1850 (ut
1203 1764 1340 1853 explicat

230 1866 347 1934 Paulus
363 1869 432 1936 Gal.
452 1893 481 1936 v.
499 1873 535 1955 3)
557 1869 590 1935 id
608 1869 751 1935 fecerunt
768 1867 883 1955 partim
900 1873 937 1933 ut
957 1864 1010 1952 jus
1030 1865 1167 1932 civitatis
1189 1865 1338 1954 adipisce-

228 1977 340 2034 rentur
365 1972 449 2055 (nam
466 1967 619 2057 proselyti
637 1969 689 2056 qui
709 1967 857 2034 Hebraeis
878 1979 941 2053 pit
964 1977 1013 2036 ’Ἠ
1039 1966 1178 2055 hospites
1196 1966 1344 2052 justitia,¹

229 2059 311 2157 ¹pari
327 2067 402 2156 jure
418 2078 510 2135 erant
526 2090 596 2134 cum
614 2067 776 2151 Israelitis,
801 2068 895 2135 Num.
913 2071 978 2154 xv.)
1011 2069 1033 2102 ⁰¹
1039 2067 1157 2156 partim
1177 2075 1338 2134 uteorum

226 2263 339 2312 ridentur
356 2264 500 2326 AEtlriopum
519 2265 561 2323 llll,
578 2278 639 2327 qnos
656 2265 760 2312 eircum-
812 2263 1004 2327 chrysostomus.
1034 2265 1102 2314 Idem
1117 2280 1189 2316 mox:
1204 2266 1248 2314 δια*
1262 2267 1339 2314 τοῦτο

228 2339 283 2386 cislo
294 2345 436 2387 annumerat
454 2341 605 2388 Herodotus:
621 2340 759 2387 Homeritas
810 2341 870 2400 γᾰρ,
880 2342 968 2401 φησὶν,
978 2341 1027 2388 olel
1041 2341 1193 2402 torpuerat,
1207 2342 1252 2390 ὅτι
1265 2342 1337 2402 νόμον

226 2415 361 2463 lllosroeat
374 2416 531 2478 Epiphanius.
545 2415 689 2478 [Homeritas
703 2428 760 2477 pars
811 2417 856 2463 οὐκ
875 2416 1016 2472 ἐδεήθησαν.
1050 2416 1085 2464 Ob
1099 2417 1249 2480 taeduerit,
1263 2418 1338 2465 udai-

227 2497 297 2539 erant
314 2493 492 2549 Idumaeorum3
517 2497 542 2540 et
558 2493 654 2540 Auctor
668 2493 721 2553 ipss
733 2491 759 2538 id
810 2491 884 2539 rendi
892 2499 946 2540 sunt
956 2493 1021 2554 quod
1029 2493 1079 2555 lepc
1088 2494 1337 2555 eparmbobrrcriat.

227 2567 297 2626 dixit,
312 2568 337 2615 ln
352 2569 407 2615 libr.
421 2567 462 2615 Dc
484 2568 557 2615 Verit.
573 2568 653 2630 Reliq.
667 2568 758 2616 Caria
810 2569 889 2616 Item:
904 2570 976 2629 ripaei
989 2568 1048 2617 cirri
1062 2570 1110 2616 τοῦ
1126 2566 1202 2627 νόμον
1216 2572 1250 2618 τὸ
1260 2587 1338 2618 συκα-

227 2643 256 2691 L.
269 2656 287 2692 r.
299 2644 313 2706 ξ
325 2645 361 2702 16,
372 2658 428 2705 pag.
439 2645 476 2701 63,
487 2648 538 2690 not,
552 2645 590 2698 75,
605 2657 703 2704 nupera
719 2643 758 2688 ed.
810 2646 851 2693 tte
865 2646 906 2692 καὶ
914 2645 1049 2706 λογισμός·
1065 2644 1215 2708 Sufflcttpro
1226 2645 1277 2709 leet
1285 2660 1337 2695 eon-

227 2719 309 2766 Amst.
323 2721 391 2768 1718.
422 2719 537 2767 Ceterum
562 2718 623 2775 heic,
648 2732 677 2764 ex
702 2731 758 2764 seu·
809 2723 909 2770 scientia
927 2728 950 2769 et
966 2723 1069 2769 rationis
1079 2736 1141 2771 urar.
1174 2722 1337 2771 Tertullianus

227 2795 305 2843 tentio
320 2795 396 2855 ipsius
416 2808 467 2842 sero
490 2799 596 2855 recepta,
620 2793 691 2854 ponit
712 2805 758 2853 pro
809 2797 923 2844 nrlrerrur
932 2797 1114 2858 luderem.
1128 2798 1169 2857 2lr
1193 2798 1257 2847 Ante
1270 2800 1337 2861 leem

227 2875 302 2928 certo,
321 2871 524 2918 dmrrnreisionom
544 2871 575 2916 ab
595 2869 702 2916 liebruis
726 2869 758 2914 ud
809 2873 1338 2939 Moyrr'rrcn'ptomintabulirlupidea'r,lrpm

227 2947 286 2993 alins
296 2952 382 3007 gentes
391 2961 507 2993 manasse.
523 2947 602 3002 Quom
612 2951 691 2991 tumen
701 2958 758 3004 pro·
800 2948 882 3008 J'ru’rse
892 2949 1003 2996 contendo
1013 2963 1059 2996 noa
1067 2951 1190 3011 seriptum,
1202 2966 1257 3013 quroe
1271 2957 1337 3000 nara.

226 3023 307 3070 babila
326 3028 364 3070 est
389 3024 454 3069 uliud
479 3036 605 3070 censorum
631 3022 712 3077 tuisse,
736 3021 757 3068 si
809 3025 1337 3088 rotiterr'ntellr‘pebotur,etcpotribureurto·

227 3101 373 3147 blnasunur
388 3099 756 3155 suspexerannruditissimo-
809 3100 924 3146 aiebatur.
956 3101 1095 3163 Nonlongo
1110 3103 1167 3150 hino
1181 3104 1234 3151 abit
1248 3105 1337 3152 leotra-

225 3189 280 3222 rum
292 3175 436 3236 Anglorum,
447 3188 522 3236 opero
535 3175 615 3220 ridere
630 3175 756 3235 potuisset.
808 3180 874 3222 teum
885 3177 958 3225 illud:
975 3175 1043 3240 [pag.
1055 3180 1106 3226 148.
1116 3191 1141 3226 s.
1156 3179 1183 3226 in
1196 3180 1267 3229 Orat.
1278 3183 1336 3231 Are-

225 3249 253 3299 Ι.
266 3250 309 3313 B.]
808 3250 893 3313 opum]
911 3252 950 3298 δεῖ
964 3253 1024 3300 rebe
1039 3253 1066 3299 eir
1081 3252 1294 3316 τολιτινομένους
1311 3257 1337 3303 οὗ

273 3327 392 3376 ΙΝαωνιι
410 3328 504 3390 suopte]
520 3330 578 3375 Toto
593 3331 640 3383 τῆς
656 3329 757 3386 φύσεως
808 3327 856 3375 rrlc
880 3326 959 3374 erosis
989 3327 1148 3386 ἐμπιπλάναι
1173 3331 1337 3393 γραμμάτων,

226 3404 369 3464 λογισμοῖς,
378 3403 553 3451 collectionibus
560 3404 716 3460 naturalibus,
724 3403 758 3450 uit
808 3403 868 3450 ἀλλ’
882 3403 909 3450 ὃν
918 3407 978 3450 ταῖς
992 3405 1090 3465 ψυχαῖς
1103 3403 1173 3467 ἔχειν
1188 3408 1222 3454 τὸ
1237 3408 1336 3457 δίκαιον.

226 3693 305 3768 plico.
348 3694 410 3750 Tho
433 3694 561 3750 Gentiles
582 3710 632 3749 are
651 3711 668 3748 a
687 3693 739 3748 law
762 3699 792 3749 to
815 3692 998 3752 themselves:
1024 3695 1074 3752 the
1092 3697 1334 3762 uncircumeision,

225 3782 348 3854 keeping
363 3781 419 3836 this
433 3782 494 3846 law,
509 3784 532 3836 is
551 3781 673 3836 counted
697 3781 743 3835 lor
760 3781 955 3836 circumcisiou
973 3781 1010 3851 [r.
1024 3780 1079 3852 26].
1121 3783 1188 3841 Anu
1206 3784 1264 3841 this
1283 3800 1333 3839 was

226 3869 443 3940 ncknowledged
466 3867 526 3936 [see
548 3868 597 3923 tbe
620 3865 768 3939 exarnpleJ.
806 3869 864 3922 But
881 3868 1075 3926 circumcision
1097 3887 1153 3930 was
1176 3873 1333 3929 sometimes

225 3954 390 4025 undergone
407 3956 443 4026 by
457 3962 599 4027 strangers
618 3955 664 4010 for
679 3955 783 4027 special
802 3954 909 4024 objects
927 3953 986 4023 [see
1002 3956 1050 4013 tbo
1065 3953 1147 4026 text}
1188 3960 1246 4016 Yet
1259 3973 1333 4016 some

225 4042 255 4095 in
270 4040 343 4096 later
358 4042 438 4096 times
455 4043 615 4116 perremely
630 4042 697 4098 held
716 4041 779 4097 tlmt
795 4041 876 4097 thore
894 4059 949 4098 was
963 4060 1001 4100 uo
1017 4044 1156 4102 sulvation
1174 4052 1227 4103 out
1240 4046 1275 4103 of
1287 4044 1332 4102 tbo

225 4127 291 4200 palo
305 4127 339 4182 os
350 4128 488 4183 Judaism.

284 4220 300 4273 7
330 4215 428 4271 Hence
446 4233 487 4270 we
506 4215 584 4270 leam
608 4216 670 4272 that
689 4232 730 4270 wo
752 4232 801 4270 aro
824 4221 874 4270 not
896 4215 993 4272 bound
1010 4217 1048 4290 by
1069 4235 1126 4293 any
1148 4225 1215 4292 part
1235 4219 1269 4276 ol
1286 4217 1331 4275 tho

224 4300 328 4356 Jewislr
343 4302 404 4368 law,
419 4303 574 4376 peculiurly
589 4319 620 4356 so
635 4303 742 4366 calloth
758 4303 879 4358 because
894 4303 931 4358 ull
947 4304 1103 4377 obligation
1117 4313 1285 4363 extraneous
1302 4311 1329 4359 to

224 4386 346 4445 Natural
369 4390 435 4445 Low
457 4407 551 4447 comos
565 4389 639 4446 lrom
656 4388 705 4445 tho
720 4389 776 4444 will
796 4389 829 4446 of
842 4389 891 4447 tho
909 4391 1069 4465 Lunrgirer3
1085 4392 1144 4449 aud
1161 4392 1280 4452 thureis
1296 4405 1331 4445 no
