2774 4854
229 191 295 260 356
478 204 532 260 DE
554 201 832 269 acomsrrtonn
853 200 1108 266 unewanus,
1227 201 1349 275 [Lan.

229 376 326 457 οιοιιο
353 367 604 437 honestissimum
634 377 691 434 est
743 368 782 433 In
809 367 870 434 hoe
895 377 1002 436 autem
1023 389 1151 459 genere
1178 367 1285 455 prima
1309 379 1351 439 at

229 491 325 537 causa
340 470 408 560 ejus
423 467 508 560 quod
525 469 668 547 debetur,
686 468 831 558 proxima
850 468 918 559 ejus
933 469 1020 558 quod
1038 468 1102 536 etsi
1117 491 1191 535 non
1211 470 1349 551 debetur,

230 569 329 638 efficio
343 573 496 662 congruit

65 686 211 728 rme-m
309 671 367 740 lv.
418 676 438 738 1
473 670 886 764 DisputantJurisconsulti,
902 693 945 737 un
959 670 1112 738 alimenta
1128 692 1153 737 a
1169 672 1350 760 parentibus

63 735 199 866 5⁸35}
232 769 339 838 liberis
356 771 558 842 debeantur?
608 773 691 839 Nam
707 772 833 861 quidam
854 771 993 839 sentiunt
1016 795 1087 839 esse
1103 771 1242 860 quidem
1266 785 1348 842 natu

66 872 205 959 ww·
232 870 292 938 ruli
308 871 423 939 rationi
439 875 516 942 satis
531 884 782 951 consentaneum,
805 883 841 940 ut
857 895 877 939 a
893 871 1076 960 parentibus
1099 873 1237 941 alantur
1252 875 1347 952 liberi,

66 967 188 1052 ’ίξξῶπ
198 1014 222 1052 f„
234 970 374 1039 debiturn
390 982 497 1042 tamen
514 999 576 1042 non
593 996 670 1040 esse.
712 975 779 1040 Nos
796 972 919 1040 omuino
936 972 1202 1063 distinguendum
1218 976 1347 1063 arbim·

66 1056 216 1152 &imm
234 1093 305 1138 mur
321 1071 371 1138 ⁴iu
388 1096 464 1142 voce
481 1076 588 1153 debiti,
607 1074 690 1163 quod
707 1074 815 1141 stricte
831 1073 988 1140 interdum
1007 1074 1147 1141 sumitur
1164 1098 1228 1164 pro
1244 1101 1284 1144 ea
1297 1077 1346 1143 oh

233 1170 392 1262 ligatione,
416 1196 508 1263 quam
531 1175 649 1244 inducit
667 1174 721 1261 jus
744 1174 968 1263 expletorium;
991 1172 1155 1241 interdum
1175 1177 1292 1256 laxius,
1315 1188 1346 1244 nt

232 1271 386 1363 significet
400 1275 433 1341 id
450 1277 535 1365 quod
552 1276 610 1342 uisi
632 1275 797 1342 inhoneste
813 1274 914 1341 omitti
931 1295 994 1340 non
1015 1284 1133 1363 potest,
1152 1278 1282 1345 etiamsi
1296 1279 1345 1345 he·

232 1382 339 1441 nestas
359 1373 414 1442 illa
428 1399 491 1443 non
510 1399 553 1444 ex
574 1375 699 1465 justitia
721 1374 901 1464 expletriee,
926 1373 982 1440 sed
999 1395 1042 1440 ex
1063 1375 1240 1444 eliciente
1259 1378 1344 1468 proli·

232 1472 376 1542 eiscatur.
411 1478 470 1543 Est
485 1486 590 1544 autem
605 1480 638 1542 in
655 1476 695 1542 de
712 1500 773 1566 quo
788 1477 910 1566 agimus
927 1474 999 1560 (nisi
1014 1473 1067 1541 lex
1083 1474 1199 1564 aliqua
1215 1479 1345 1546 hnmana

232 1574 375 1662 accedat)
400 1576 540 1645 debitum
562 1576 615 1643 illo
641 1599 732 1643 seusu
757 1577 885 1642 laxiore.
937 1576 989 1642 lta
1012 1574 1132 1664 accipio
1160 1578 1251 1666 quod
1273 1578 1345 1647 dixit

233 1674 380 1742 Valerius
404 1676 582 1744 Maximus:
609 1681 766 1744 Parentes
788 1701 845 1744 aros
870 1677 996 1753 eicardo,
1017 1675 1177 1763 inquiens,
1202 1695 1344 1768 ιιφοιιοο

146 1765 153 1778 ’
234 1779 483 1843 nutriendorum
498 1779 605 1844 debito
622 1778 816 1863 alliyuruut.
849 1779 892 1843 Et
908 1776 1098 1844 Plutarchus
1111 1776 1146 1844 in
1164 1778 1275 1848 libello
1290 1782 1344 1848 ele·

233 1874 415 1966 gantissimo
433 1876 474 1943 de
491 1877 587 1966 proha
603 1899 730 1944 amore:
756 1878 787 1946 oi
804 1870 915 1951 auidas
933 1871 976 1947 cic
991 1872 1170 1972 ὀφείλημα
1190 1879 1258 1952 τόν
1274 1879 1346 1963 elti-

231 2005 291 2069 ρον
306 1967 526 2071 ἐκδεχόμενοι·
552 1977 669 2045 ‘liberi
684 1979 896 2045 hereditatem
914 1991 951 2043 ut
966 1979 1033 2045 sihi
1052 1980 1205 2048 debitam
1224 2006 1345 2071 saepae·

233 2087 317 2144 tant.
360 2077 443 2157 Quia
459 2077 516 2146 dat
532 2078 674 2156 formam,
692 2078 747 2145 dat
764 2099 835 2166 quaa
857 2077 899 2144 ad
916 2077 1048 2144 formam
1064 2088 1142 2146 sunt
1159 2084 1344 2161 necessaris,

230 2174 349 2243 dietum
364 2185 413 2244 est
429 2177 627 2245 Aristotelis:
653 2201 751 2266 quare
767 2177 820 2265 qui
837 2199 930 2244 eausa
946 2188 995 2245 est
1010 2188 1048 2244 ut
1061 2178 1160 2246 homo
1179 2183 1346 2263 existatis

230 2285 381 2365 quantum
398 2276 431 2342 in
448 2300 482 2344 se
498 2287 556 2356 est,
574 2287 608 2344 et
625 2288 776 2366 quantum
790 2299 915 2345 neeesse
930 2288 988 2355 est,
1006 2278 1194 2367 prospicere
1210 2284 1241 2350 ei
1257 2284 1347 2352 dehz

230 2377 272 2444 de
287 2376 338 2444 his
351 2399 423 2466 quae
438 2378 480 2444 ad
499 2378 595 2446 vitam
612 2379 788 2456 humanam,
806 2376 841 2444 id
861 2387 919 2458 est,
936 2379 1113 2446 naturalem
1136 2402 1178 2448 ae
1194 2384 1346 2460 sodalem

229 2497 304 2545 nam
319 2478 362 2544 ad
376 2499 446 2544 eam
459 2486 551 2545 natus
568 2489 617 2546 est
633 2479 736 2557 homo,
754 2489 828 2545 aunt
844 2478 1028 2545 necessaria.

272 2637 495 2700 ‘Distinguendum
503 2641 762 2702 petlnslutertempus,
810 2639 955 2702 exspectant]
981 2640 1094 2690 Julianus
1116 2643 1261 2695 Cesaribus
1277 2647 1350 2695 tusi

229 2713 353 2776 quelsherl
364 2729 411 2761 uon
423 2723 525 2776 possunt
534 2718 579 2764 sibi
590 2719 635 2778 ipsi
646 2718 761 2764 alimenta
810 2733 841 2762 τι
852 2715 903 2776 γάρ
916 2716 1019 2775 νόμιμον
1034 2718 1192 2776 ἐπιτρέπειν
1207 2723 1258 2771 w's
1272 2725 1350 2771 ἰωόο·

228 2803 345 2852 querere,
365 2796 390 2838 et
414 2795 517 2852 tempus,
538 2806 586 2852 quo
606 2793 631 2839 id
651 2797 760 2854 pessunt
810 2789 872 2851 χᾰο·
889 2791 1098 2853 AEquun,liberis
1107 2795 1270 2847 misma
1279 2799 1349 2847 selis·

228 2866 308 2914 Prlori
317 2872 434 2928 tempere,
444 2869 542 2915 omnine
552 2876 578 2916 et
589 2883 619 2916 ex
625 2871 682 2929 jure
690 2871 761 2916 strie-
809 2866 860 2926 q'ss'·
872 2866 942 2927 (oete
949 2868 994 2915 334
1001 2880 1027 2914 Β·
1034 2866 1104 2914 fflll·
1112 2870 1262 2934 Sponden.)
1272 2876 1349 2923 Etim

227 2945 256 2990 lo
265 2942 473 3004 parentesliberes
482 2943 547 2989 alere
556 2949 686 2990 tenentur:
703 2957 760 3003 pos·
810 2941 912 2998 filiabus,
923 2943 1056 3002 quusjusta
1066 2943 1129 2992 lilios
1140 2948 1248 2997 heredes
1263 2965 1350 3012 paren·

227 3017 320 3076 udan,
335 3031 385 3064 non
402 3017 437 3064 ita
455 3024 560 3075 tenetur,
577 3019 619 3065 sed
634 3033 704 3065 nenio
723 3022 761 3065 est
811 3020 862 3061 tum
880 3015 953 3062 luisse
974 3031 1040 3064 nuere
1055 3021 1232 3080 antiquissimo
1247 3031 1350 3073 testatur

227 3096 318 3150 umen,
332 3093 371 3140 cni
386 3095 467 3154 petius
483 3094 514 3140 de
530 3094 650 3139 alimentis
666 3093 760 3154 prospi·
810 3087 979 3137 Jobihislorlo
992 3091 1017 3137 ln
1032 3091 1089 3140 fine·
1118 3095 1193 3145 llnnc
1209 3102 1348 3162 equinum

227 3181 291 3228 ears,
301 3173 327 3216 et
335 3169 400 3215 hena
409 3183 453 3215 suu
464 3169 544 3224 etium,
554 3168 592 3214 cel
608 3169 692 3215 saltem
709 3181 762 3212 ma·
810 3166 939 3226 respiciens
959 3168 1121 3228 Augustinus,
1141 3186 1175 3219 ne
1195 3177 1230 3223 ab
1250 3179 1349 3225 mlada

225 3242 303 3304 jerem
319 3250 421 3305 parterm
430 3243 567 3304 relinquere
578 3258 619 3290 eos
630 3244 759 3290 honestum
810 3242 907 3302 quidem
915 3242 988 3302 recipi
998 3243 1050 3290 vult
1060 3245 1127 3292 bons
1136 3255 1349 3312 eorumquihhs·

228 3320 269 3368 sit.
297 3319 371 3369 m.
810 3318 1109 3369 rossuosexherednbuut.
1132 3323 1204 3373 Loca
1217 3331 1348 3377 annalibm

272 3401 284 3430 ⁸
297 3394 383 3443 Liberi
391 3395 544 3443 hereditatem
555 3399 580 3442 ut
594 3394 642 3442 sibi
656 3393 760 3441 debitam
810 3405 828 3439 1.
839 3392 868 3440 de
889 3392 942 3440 lita
961 3393 1116 3455 clericerum,
1129 3399 1200 3462 (esp.
1210 3403 1243 3464 3)
1257 3411 1285 3453 et
1298 3420 1347 3453 ser.

227 3616 370 3691 oqtdtnble
385 3616 442 3672 and
456 3634 569 3690 proper.
606 3615 670 3672 And
689 3616 718 3670 in
733 3613 789 3670 this
809 3632 882 3682 ease,
900 3614 949 3673 the
964 3616 1025 3674 first
1036 3617 1122 3673 claim
1136 3619 1160 3674 is
1176 3620 1245 3679 thnt
1256 3623 1346 3681 which

226 3705 374 3777 isstrietly
386 3705 459 3771 duo;
477 3705 526 3760 tho
545 3712 613 3761 next
629 3704 691 3759 that
706 3701 806 3767 which,
825 3701 934 3776 though
950 3715 1000 3760 not
1014 3704 1125 3777 strictly
1145 3706 1215 3776 due,
1235 3711 1259 3766 is
1280 3729 1345 3768 eon·

226 3790 367 3847 formablo
382 3799 412 3846 ιο
427 3791 506 3864 duty.

280 3877 331 3932 IV.
371 3884 385 3931 1
415 3877 519 3933 Jurists
538 3877 651 3948 disputo
666 3875 792 3932 whether
810 3876 938 3933 children
952 3877 1026 3933 hare
1040 3895 1058 3934 a
1073 3878 1151 3952 right
1170 3888 1204 3938 to
1227 3884 1345 3942 aliment

225 3963 302 4020 from
323 3963 399 4018 their
419 3971 543 4035 parents.
593 3965 650 4018 For
677 3981 755 4018 sonte
776 3981 826 4020 ure
851 3965 884 4020 oi
911 3966 1026 4038 opinion
1048 3965 1111 4022 that
1141 3968 1164 4023 it
1189 3971 1214 4026 is
1242 3973 1345 4029 indeed

225 4049 376 4124 sgroeablo
402 4056 432 4104 te
455 4049 566 4104 natural
589 4067 689 4105 reason
713 4051 776 4106 that
799 4051 925 4107 children
946 4052 1048 4108 should
1064 4054 1100 4108 be
1123 4059 1287 4130 supported
1308 4060 1344 4132 by

226 4138 302 4194 their
320 4145 443 4211 pascuis,
463 4136 515 4191 but
537 4135 598 4190 that
620 4139 641 4192 it
662 4139 685 4192 is
705 4146 755 4193 not
775 4157 792 4193 a
813 4139 882 4194 dcbt
904 4157 937 4193 or
957 4139 1021 4194 due.
1065 4141 1119 4196 We
1138 4145 1227 4202 make
1249 4163 1268 4201 n
1291 4148 1343 4203 dis-

225 4225 346 4281 tinction
361 4242 392 4279 as
407 4231 436 4278 to
451 4223 500 4278 the
516 4223 592 4278 nord
607 4226 664 4279 dcet
677 4241 709 4278 or
721 4227 788 4286 <om
806 4225 896 4281 which
910 4226 1018 4299 strictly
1031 4227 1126 4292 taken,
1142 4230 1165 4285 is
1178 4235 1344 4289 sometimes

224 4312 311 4368 taken
325 4312 372 4368 t'or
387 4311 435 4366 tho
450 4311 605 4382 obligation
624 4313 791 4368 introduced
805 4313 844 4386 by
858 4313 1005 4386 expletory
1015 4318 1063 4386 jus
1072 4335 1083 4377 ‚-
1100 4315 1156 4372 hut
1170 4322 1344 4384 sometimes,

225 4413 304 4456 more
321 4397 405 4471 lnxly,
421 4397 483 4454 that
502 4398 592 4454 which
611 4407 716 4456 cannot
733 4400 770 4457 bo
788 4399 919 4474 decontly
938 4401 1065 4469 omitted,
1080 4401 1194 4478 though
1217 4407 1282 4464 that
1294 4410 1342 4464 de·
