2752 4844
411 209 603 267 El'IS'l'OLA
625 209 678 266 AD
701 210 921 269 LECTOREM.
1163 202 1246 267 xxvii

77 379 124 445 ita
139 377 182 445 ad
199 377 337 445 infinitos
354 400 480 445 errores
501 377 806 458 animadvertendos,
830 390 896 447 tum
920 380 951 447 in
974 379 1112 447 numeris
1137 381 1248 448 Libro-

79 502 160 555 rum,
179 478 338 568 Cupitum,
361 481 529 557 versuum,
553 490 619 547 tum
638 480 671 545 in
688 480 904 570 designatione
928 482 1122 570 Scriptorum
1139 482 1248 549 lnuda-

80 592 195 658 torum,
222 594 288 647 tum
306 580 339 646 in
356 581 463 647 rerbis
484 602 592 647 eorum
610 581 793 658 referendis,
818 592 884 648 turn
908 583 940 648 in
958 583 1052 649 rebus
1069 582 1154 671 ipsis,
1179 582 1248 671 plu·

80 681 195 747 rimum
211 681 289 747 mibi
304 684 434 769 proluit,
454 692 488 748 et
506 682 700 757 Lectoribus,
723 704 826 770 spero,
848 685 1043 750 commodum
1061 684 1129 751 erit.
1184 684 1248 764 Qui

81 781 259 849 Editionem
276 794 416 848 nostram
434 804 504 848 cum
519 783 681 870 quibusvis
697 783 766 850 aliis
782 784 925 850 conferre
940 784 1083 864 volucrit,
1097 784 1123 851 is
1140 783 1246 852 statim

81 882 298 971 deprehendet
314 882 479 949 innumera
495 882 645 969 ejusmodi
663 883 777 972 passim
795 885 970 966 emendata,
992 896 1025 952 et
1041 885 1073 951 in
1091 886 1158 974 ipso
1175 908 1248 952 eon·
1335 872 1343 888 ’

82 992 181 1058 textu,
204 993 239 1050 et
253 983 285 1050 in
303 984 457 1074 margine,
481 983 563 1050 etin
585 985 687 1060 Notis,
711 985 803 1051 etiam
827 985 881 1051 ubi
899 985 1029 1051 Auctori
1054 986 1247 1074 propositum

82 1092 151 1151 erat
173 1105 270 1173 quam
293 1083 529 1151 adcuratissimo
551 1082 620 1151 loca
645 1084 678 1151 in
704 1085 912 1152 testimouium
936 1096 993 1152 aut
1008 1085 1247 1155 illustrationem

82 1184 219 1252 adducta
243 1185 375 1262 reierre,
401 1196 435 1252 et
460 1182 606 1251 facillima
635 1186 847 1272 quarentibus
873 1185 1017 1253 reddere.
1069 1186 1247 1273 Aliquando

83 1286 229 1352 mendum
247 1296 317 1352 erat
333 1285 366 1351 in
390 1307 521 1351 numero
540 1284 637 1364 Libri,
661 1307 894 1374 nonnumquam
919 1285 953 1351 in
973 1307 1103 1352 numero
1128 1287 1248 1376 Capitis

83 1399 137 1454 ant
154 1388 286 1465 Versus,
310 1385 486 1452 baudraro
503 1385 696 1474 inutraque.
750 1387 912 1453 Interdum
930 1385 1024 1454 etiam
1043 1409 1138 1453 unum
1158 1388 1248 1476 Opus

84 1487 231 1555 Auctoris
255 1486 416 1574 enjusdam
440 1508 499 1574 pro
524 1486 585 1553 alio
607 1487 825 1565 indicabatur3
856 1486 991 1575 exempli
1016 1488 1131 1577 gratia,
1163 1490 1247 1556 Pnu-

84 1609 210 1655 rancnr
235 1589 463 1654 Themistoclis
480 1588 566 1664 Vita,
583 1609 643 1675 pro
656 1591 871 1663 maerenda·
891 1588 957 1654 Lib.
970 1588 997 1653 1.
1015 1611 1082 1676 cap.
1098 1611 1145 1656 nr.
1164 1597 1179 1678 ξ
1194 1592 1246 1658 16.

83 1711 166 1755 num.
182 1690 215 1756 3.
270 1690 456 1754 Henonorr
488 1689 631 1766 Urania,
656 1710 712 1754 seu
739 1688 806 1754 Lib.
826 1710 895 1754 rur.
921 1711 979 1776 pro
1009 1690 1165 1777 Calliope,
1191 1713 1247 1757 seu

85 1789 151 1855 Lib.
169 1811 218 1856 rx.
241 1787 440 1866 laudabatur,
467 1788 535 1855 Lib.
554 1789 615 1855 111.
638 1811 705 1876 rap.
721 1811 766 1855 xr.
791 1792 852 1876 ξ3.
877 1812 959 1855 num.
978 1791 1008 1857 2.
1063 1790 1136 1866 Ubi,
1163 1791 1247 1878 quod

83 1890 186 1958 obiter
203 1890 347 1966 observo,
371 1910 462 1955 error
484 1887 557 1955 inde
580 1911 724 1956 manasse
748 1890 883 1969 ridetur,
911 1890 995 1977 quod
1016 1889 1122 1956 Editio
1141 1889 1247 1957 Hero-

84 1991 178 2059 doten
200 1992 350 2057 nes-ner
368 1989 552 2064 Srernnnr,
576 2011 656 2078 pure
677 1990 801 2067 Graeca,
827 2012 890 2077 qua
907 1993 1026 2056 Auctor
1048 1999 1156 2057 noster
1179 2000 1247 2059 ute-

84 2092 188 2171 batur,
213 2091 259 2159 sie
277 2089 424 2158 mendosa
443 2090 485 2156 sit
505 2090 536 2155 in
561 2089 653 2156 titulo
676 2090 810 2179 paginae,
832 2091 916 2157 unde
938 2091 1023 2157 locus
1044 2091 1169 2158 adlatus
1191 2092 1248 2160 de·

84 2202 227 2281 promtus
243 2192 322 2260 snit:
349 2214 412 2279 quo
429 2190 521 2258 modo
539 2189 641 2279 potuit
656 2191 731 2256 alibi
749 2213 978 2278 nonnumquam
997 2192 1117 2258 Auctor
1136 2191 1248 2281 decep-

84 2304 135 2360 tur
152 2292 186 2359 in
203 2316 341 2360 errorem
359 2291 508 2359 Lectores
524 2291 697 2378 conjicere:
725 2290 867 2379 plerique
884 2303 989 2356 tamen
1009 2314 1048 2358 cx
1069 2291 1166 2379 ipsius
1187 2293 1247 2360 ses-

83 2394 237 2461 tinatione
263 2404 318 2461 aut
341 2391 546 2483 incogitantia
574 2391 641 2458 nati
669 2391 824 2458 ridentur.
878 2391 930 2458 Sic
956 2392 998 2458 ab
1026 2391 1123 2480 ipsius
1153 2416 1247 2460 manu

84 2493 210 2561 omuino
236 2504 293 2571 est,
317 2493 400 2582 qnod
427 2493 553 2559 Libii.
571 2513 637 2580 cap.
655 2513 726 2556 xxi.
746 2495 830 2579 513.
848 2513 933 2559 num.
950 2495 980 2568 2,
1004 2503 1080 2559 nota
1097 2495 1145 2580 (n)
1169 2495 1248 2560 Prn-

86 2616 183 2662 ’.Μ
207 2594 354 2683 scriptum
380 2592 526 2660 laudetur
551 2594 604 2659 De
627 2595 770 2671 Pietate,
798 2592 882 2678 quod
907 2592 1025 2659 nullum
1051 2605 1166 2671 exstat,
1188 2617 1248 2683 pro

84 2696 166 2763 libro
192 2697 242 2762 De
257 2696 442 2762 Nobilitate
450 2718 463 2770 ,·
489 2704 524 2759 ut
540 2691 655 2759 ibidem
674 2692 848 2758 observari
902 2694 1050 2781 Ejusdem
1069 2694 1157 2762 Libri
1177 2717 1248 2784 cap.

84 2794 277 2884 precedenti
295 2817 353 2862 xx.
378 2797 463 2883 530,
487 2803 562 2860 nota
583 2795 626 2878 (r)
642 2792 831 2859 remittimur
856 2793 897 2858 ad
915 2796 1013 2861 verba
1034 2794 1137 2861 Luem
1156 2799 1249 2884 apud

85 2898 324 2984 A'ipdrilinnm;
348 2917 418 2981 qum
440 2894 538 2960 rerba
558 2903 632 2960 sunt
656 2896 771 2959 Marci
787 2895 947 2960 Antonini
972 2894 1051 2982 lmp.
1074 2905 1110 2961 ut
1127 2896 1158 2961 in
1175 2897 1248 2963 sub·

80 2996 167 3084 jecta
183 2996 270 3061 Nota
286 3005 391 3061 nostra
407 2993 608 3060 ostendimus.
661 2993 724 3060 Sed
743 3004 790 3059 est
813 2993 907 3060 ctiam
931 2993 985 3060 ubi
1004 2994 1146 3083 Scriptor
1168 3019 1249 3064 unus

86 3119 145 3187 pro
160 3095 224 3162 alio
240 3095 409 3162 certissime
430 3094 605 3160 indicatur:
632 3103 669 3159 ut
687 3095 883 3170 Isocnnrns,
911 3117 968 3182 pro
993 3096 1161 3163 Drorrsro
1179 3098 1249 3164 lln-

88 3216 347 3274 nrcanxnssrxsr,
372 3196 440 3263 Lib.
460 3195 503 3262 Il.
532 3217 599 3282 enp.
617 3215 659 3259 rr.
683 3202 697 3281 5
724 3197 753 3259 2.
780 3194 833 3259 ubi
857 3194 929 3261 ride
952 3207 1059 3262 notam
1077 3198 1118 3274 1,
1163 3197 1248 3275 alibi,

89 3320 147 3385 pro
174 3298 352 3375 AEscurrn,
381 3318 448 3385 cap.
476 3318 574 3361 xxm.
600 3303 614 3382 ξ
638 3296 669 3362 8.
698 3317 780 3359 num.
811 3296 841 3358 1.
869 3304 903 3361 ut
928 3294 1017 3382 patet
1039 3319 1079 3362 ex
1103 3298 1189 3363 Nota
1215 3301 1247 3365 5.

92 3396 230 3463 Viciu-im
259 3396 514 3467 Druoarnnnes
540 3417 599 3483 pro
630 3394 794 3460 isocnarr
836 3395 904 3461 Lib.
930 3396 975 3461 ll.
1006 3419 1074 3484 cap.
1094 3419 1149 3463 xv.
1182 3400 1248 3485 56.

92 3520 172 3565 num.
189 3500 218 3563 l.
270 3496 357 3563 Alias
381 3496 617 3571 Ilrrronnuua
645 3517 702 3582 pro
728 3494 943 3568 Hrrrnncno,
971 3496 1041 3564 Lib.
1062 3497 1104 3563 ll.
1131 3519 1197 3586 cap.
1218 3519 1249 3566 r.

96 3604 109 3683 t
128 3599 177 3663 12.
195 3619 278 3663 num.
294 3599 325 3661 3.
379 3598 504 3671 Lrsrns,
522 3617 581 3683 pro
600 3598 788 3668 Annocron,
811 3598 891 3662 idid.
912 3605 927 3682 ξ
947 3599 997 3662 13.
1017 3619 1098 3663 num.
1115 3599 1146 3665 2.
1190 3598 1250 3666 Sn-

96 3718 187 3774 κιαι,
213 3720 271 3785 pro
290 3698 417 3770 l'nrxro,
439 3695 507 3762 Lib.
528 3697 568 3760 ll.
588 3719 654 3783 cap.
674 3718 705 3761 n.
726 3704 740 3782 ξ
760 3698 789 3761 2.
812 3718 895 3762 nurn.
911 3700 941 3763 2.
968 3707 1044 3762 nota
1061 3700 1116 3782 (o).
1172 3700 1194 3764 J
1200 3721 1249 3765 ua·

99 3818 198 3874 rurrr,
217 3820 274 3884 pro
292 3797 433 3872 Ccnrro,
451 3795 588 3881 ejusdem
608 3796 695 3863 Libri
714 3817 854 3883 captur.
874 3805 887 3882 ξ
903 3801 935 3863 9.
954 3820 1036 3863 num.
1049 3802 1081 3864 3.
1101 3798 1153 3864 ubi
1168 3799 1249 3877 ride,

102 3920 165 3981 qum
179 3896 360 3986 rrlrjecimns
375 3901 471 3963 notre¹
491 3900 544 3961 62.
598 3897 697 3962 imino
715 3899 919 3971 Eurnomrs,
938 3900 1057 3963 Auctor
1075 3900 1252 3966 Brcer‘nrii

105 3994 207 4075 Latini,
237 4021 294 4086 pro
329 3999 439 4063 Droxe
470 3997 586 4063 Cassio
622 3999 794 4063 Ilieon-iro
824 3998 941 4065 Gracc
971 3998 1059 4064 testis
1094 3998 1251 4066 indicatur

108 4097 181 4162 roris
198 4095 402 4192 Ἀντίψυχοι,
426 4097 466 4164 de
485 4097 626 4163 l'adibus
644 4109 813 4183 usurpatae,
839 4097 908 4167 Lib.
927 4099 969 4165 11.
988 4121 1055 4187 cap.
1072 4121 1143 4165 xxi.
1163 4107 1177 4188 ξ
1197 4103 1250 4178 11,

439 4272 489 4279 .---
504 4267 757 4279 ι.-.-...-.---ο
774 4268 826 4275 --...-
841 4269 906 4278 ..--

151 4354 171 4416 1¹
193 4360 362 4408 (imminuam
379 4361 447 4415 dirim
476 4366 545 4407 notat
560 4367 640 4407 nutem
659 4361 676 4406 l.
687 4374 708 4405 r.
727 4359 908 4420 llarbeprarlnr,
927 4376 955 4410 en
971 4376 1026 4423 qum
1040 4360 1139 4409 erino
1157 4360 1211 4409 lae.
1223 4375 1250 4410 x.

119 4430 188 4479 rra-n
198 4435 298 4493 omna
306 4449 390 4484 mm
400 4440 432 4491 u.
445 4436 524 4483 curm
534 4450 593 4493 nn,
605 4436 658 4484 nro.
670 4448 695 4482 x.
707 4448 761 4495 up.
772 4435 812 4482 nr.
823 4450 846 4482 ιι.
858 4440 881 4483 r.
914 4438 946 4485 u.
958 4440 991 4485 a.
1004 4436 1051 4498 n]
