2774 4854
229 220 294 287 396
440 227 492 284 DE
514 225 869 293 ACQUISITIONIBUS,
893 225 986 292 QUAE
1009 223 1154 280 vendo
1228 222 1321 294 [Innll

227 396 284 462 sed
316 394 360 461 ad
391 393 539 482 cujusque
573 391 679 482 populi
713 391 997 479 tranquillitatem:
1034 391 1127 457 unde
1157 399 1194 456 et
1224 391 1265 457 eb
1286 415 1326 457 uno

227 494 343 586 populo
366 493 435 562 cliis
459 493 639 561 inconsultis
663 491 779 558 mutari
804 492 916 581 potuit,
933 492 996 557 imo
1018 501 1054 558 et
1082 492 1146 558 hoc
1169 490 1329 558 evenirent

227 595 297 664 aliis
322 595 397 663 locis
426 604 522 683 atquo
549 591 743 682 temporibus
768 591 862 683 longe
886 590 966 658 alius
997 614 1070 658 mos
1101 588 1283 667 communis,
1308 613 1330 656 a:

227 695 359 787 proinde
379 695 433 783 jus
459 695 601 784 gentium
629 691 799 782 improprio
825 692 942 759 dictum
961 691 1251 759 introduceretur:
1271 692 1331 779 quoi

228 807 261 865 et
278 819 390 864 revera
407 795 524 862 iactum
541 792 692 870 ridemus,
711 815 751 859 ex
775 815 836 880 quo
861 793 1063 860 Germanica:
1088 793 1241 859 nationes
1257 795 1332 858 Euro

227 919 300 987 pam
317 896 416 963 sermo
439 917 561 961 omnem
584 895 775 960 invaserunt.
827 893 915 960 Sicut
939 893 1023 959 enim
1041 893 1124 959 olim
1136 893 1218 980 jura
1235 894 1332 968 Grect

229 997 275 1064 ita
303 1005 378 1064 tunc
405 995 593 1063 Germanica
619 993 763 1062 instituta
792 994 905 1082 passim
934 1001 1069 1081 recepta
1097 1001 1188 1071 sunt,
1214 1003 1249 1060 et
1273 1016 1333 1059 nnnc

228 1096 323 1164 etiam
341 1096 457 1187 rigent.
509 1095 633 1162 Primus
653 1094 836 1182 acquirendi
856 1094 967 1160 modus
987 1093 1044 1181 qui
1066 1091 1158 1181 juris
1179 1092 1334 1184 matium:

228 1197 378 1264 Romanis
402 1196 526 1274 dicitur,
552 1206 601 1262 est
626 1194 788 1283 occupatio
813 1217 920 1262 eorum
944 1215 1018 1281 quse
1040 1195 1165 1261 nullius
1183 1194 1334 1281 sunt2qui

176 1335 182 1343 ·
228 1298 339 1365 modus
355 1297 440 1364 haud
458 1295 551 1363 dubie
568 1304 617 1361 est
637 1295 799 1371 naturalis,
820 1316 857 1361 eo
876 1315 939 1383 quo
960 1293 1028 1361 dixi
1045 1317 1159 1380 sensu,
1178 1295 1333 1363 introducto

224 1398 293 1487 jam
319 1396 464 1476 dominio,
491 1405 525 1462 et
547 1396 696 1484 quamdiu
728 1393 815 1462 aliud
846 1395 898 1461 lex
926 1393 1014 1461 nulla
1039 1396 1226 1464 constituit.
1272 1396 1335 1462 Nau

229 1508 263 1567 et
280 1497 448 1566 dominium
465 1519 486 1563 a
502 1494 573 1586 lege
589 1494 673 1562 cirili
691 1496 769 1563 effici
784 1503 897 1584 potest.

306 1598 352 1665 Il.
404 1596 455 1665 Ad
481 1596 541 1663 boo
570 1604 665 1685 caput
690 1597 829 1662 refertur
855 1595 991 1684 primum
1026 1609 1173 1688 captura
1208 1598 1335 1672 serarum,

229 1699 345 1777 crium,
373 1697 511 1788 piscium
559 1696 624 1764 Sed
658 1697 727 1762 haec
753 1695 857 1762 omnia
883 1696 1034 1784 quamdiu
1069 1701 1194 1767 nullius
1228 1699 1336 1767 dicende

65 1819 211 1907 Lmen
189 1819 208 1858 s
229 1798 301 1878 sint,
328 1798 500 1887 quaestione
525 1819 587 1862 non
610 1806 706 1863 caret
758 1797 867 1863 Nersa
887 1796 967 1862 lilius
989 1797 1096 1885 pisces
1113 1799 1172 1888 qui
1189 1799 1225 1867 in
1241 1799 1337 1911 piscina

76 1867 146 1952 ⁴¹⁰·
155 1912 182 1951 ⁴¹⁶
230 1909 304 1968 sunt
320 1898 472 2014 possideri
489 1920 509 1964 a
526 1895 615 1964 nobis
631 1895 687 1973 ait,
705 1918 768 1963 non
786 1895 840 1985 qui
861 1895 895 1963 in
911 1907 1046 1984 stagno:
1075 1910 1113 1966 et
1130 1901 1222 1966 seras
1237 1899 1337 1989 quaeia

64 1959 180 2008 Aoum

230 1999 350 2067 vivario
366 2008 440 2066 sunt
453 1998 591 2074 inclusae,
608 2018 671 2064 non
687 2019 759 2086 quse
774 1995 806 2064 in
823 1996 908 2063 siluis
924 1997 1170 2088 ²circumseptis
1188 2013 1337 2091 vagentur.

229 2100 329 2189 Atqui
362 2100 461 2190 pisces
495 2119 558 2165 non
590 2098 692 2163 minus
725 2107 838 2188 stagno
865 2096 988 2185 privato
1018 2094 1238 2168 includuntur
1264 2121 1339 2188 quaa

175 2210 177 2217 '
230 2199 358 2290 piscina,
378 2211 411 2268 et
433 2199 517 2267 ieras
538 2220 602 2265 noa
625 2197 727 2264 minus
749 2207 894 2266 coercent
914 2196 1004 2264 siluae
1028 2198 1116 2266 bene
1137 2201 1340 2289 circumsepta

275 2358 287 2390 ¹
301 2361 339 2408 a:
354 2372 412 2406 rero
424 2360 450 2406 lu
465 2359 519 2409 Lib.
537 2373 578 2408 ιιι.
595 2360 608 2422 §
624 2362 655 2408 14
673 2359 704 2408 D.
722 2360 762 2408 De
810 2359 885 2408 Peras
894 2357 949 2406 ride
964 2372 1020 2418 qum
1029 2357 1142 2406 diximus
1150 2360 1187 2407 ed
1198 2361 1342 2410 rernm»

229 2434 328 2498 adquir.
345 2436 383 2482 rel
402 2435 480 2482 amitt.
496 2449 599 2496 poscere.
619 2435 760 2497 legendum,
811 2444 879 2482 trust
894 2438 1013 2489 nomm,
1028 2433 1071 2481 De
1088 2433 1158 2482 Jurr
1172 2435 1241 2484 Nar.
1253 2443 1276 2483 et
1289 2436 1343 2484 Ga

229 2526 283 2573 qua
290 2510 315 2558 in
323 2511 392 2558 sileio
402 2523 453 2558 reon·
461 2510 621 2571 circumseptis
629 2517 759 2572 ecqcnrur:
811 2509 866 2558 Lib.
877 2522 912 2557 rr.
929 2522 983 2569 cap.
994 2510 1028 2556 ri.
1046 2507 1099 2568 §a
1118 2517 1226 2575 etseqq.
1243 2514 1269 2561 in
1283 2514 1343 2560 alra

229 2592 267 2645 at,
283 2591 340 2647 post
357 2586 441 2633 Fraue.
459 2585 649 2645 llotomenuum,
665 2588 761 2647 probat.
811 2585 944 2646 presertim
957 2581 1085 2631 Editione.
1116 2585 1146 2632 J.
1159 2588 1197 2635 B.

230 2661 328 2711 clariss.
343 2661 445 2718 h'oour,
466 2662 526 2708 Obs.
543 2674 561 2706 ι.
580 2673 610 2708 ιι.
645 2662 761 2708 Ceterum
856 2659 868 2694 δ
886 2658 957 2719 Quod
970 2659 1000 2705 cb
1015 2659 1199 2721 difficillima
1212 2665 1343 2724 perustis

230 2736 261 2784 de
271 2735 432 2798 adquisitione
448 2740 474 2783 et
483 2735 610 2782 amissione
621 2735 721 2782 dominii
736 2736 761 2782 in
810 2750 862 2783 nem
870 2749 912 2782 eas
917 2749 966 2795 pro
975 2733 1100 2782 derelictis
1111 2737 1209 2786 keten
1222 2736 1343 2797 eodm]

230 2956 407 3029 tranquillity
431 2955 462 3011 oi
484 2955 554 3012 each
579 2956 697 3028 pcoplc:
721 2955 836 3012 whence
859 2956 883 3012 it
904 2957 996 3029 might
1018 2955 1056 3012 bo
1079 2956 1222 3031 changed
1243 2961 1283 3034 by
1303 2977 1345 3016 one

230 3042 333 3115 pcoplc
348 3041 467 3098 without
482 3043 642 3114 consulting
664 3043 775 3106 others:
797 3043 854 3098 and
871 3043 931 3098 also
949 3045 973 3099 it
991 3042 1086 3115 might
1102 3043 1230 3117 happen
1245 3048 1307 3104 that
1324 3049 1345 3101 in

230 3131 343 3184 rariora
358 3129 452 3200 places
467 3130 524 3184 and
539 3129 629 3196 times,
643 3147 711 3202 very
726 3130 858 3192 different
872 3147 981 3201 usages,
995 3129 1053 3185 and
1069 3129 1150 3196 thus,
1163 3134 1345 3212 ιιι-ζῳῷ

230 3216 349 3288 pontium
361 3216 399 3269 im
422 3235 452 3272 ro
474 3216 534 3271 crlr
548 3233 580 3270 so
603 3216 721 3279 termod,
738 3218 777 3270 mi
796 3217 830 3271 ht
848 3217 884 3271 bc
902 3215 1088 3273 introduced:
1109 3219 1222 3285 which,
1238 3239 1282 3278 ure
1301 3239 1345 3282 sco¹

230 3291 390 3375 happened,
405 3303 434 3358 in
450 3306 517 3366 fact,
535 3303 609 3356 from
626 3303 674 3357 the
693 3312 762 3358 tuno
777 3303 840 3358 that
854 3302 903 3359 the
919 3304 1073 3359 Germanic
1097 3307 1221 3363 natione
1237 3308 1346 3364 invaded

231 3389 334 3444 almost
344 3389 393 3444 tho
408 3390 499 3444 rrhole
512 3388 545 3444 of
559 3390 682 3462 Europe.
721 3390 778 3444 For
792 3406 823 3444 ns
838 3389 888 3445 tho
899 3390 966 3445 laus
980 3390 1014 3445 of
1024 3390 1140 3448 Greece
1156 3395 1310 3468 formerly,
1323 3411 1346 3450 so
1369 3374 1371 3393 ¹

231 3493 294 3532 now
310 3475 461 3532 Germanic
480 3476 659 3533 Institutione
673 3492 722 3531 are
740 3476 919 3548 everywhere
940 3477 1081 3542 received,
1100 3480 1163 3535 and
1179 3499 1235 3540 aro
1253 3483 1311 3539 still
1325 3485 1346 3538 iu

231 3561 384 3636 authority.

290 3649 351 3704 The
367 3650 428 3705 first
442 3650 526 3706 mode
541 3650 576 3706 of
586 3651 732 3723 acquiring
743 3650 901 3722 ouncrship
915 3649 1005 3706 which
1021 3651 1045 3708 is
1060 3653 1160 3709 called
1177 3655 1221 3729 by
1236 3656 1287 3714 the
1300 3658 1347 3712 iio·

230 3753 312 3791 mans
329 3737 405 3809 juris
424 3739 552 3808 perstitere,
573 3737 596 3791 is
613 3738 662 3792 the
680 3739 847 3809 occupatiori
863 3738 896 3793 of
908 3737 1002 3811 things
1020 3738 1117 3794 which
1140 3741 1256 3817 belong
1274 3753 1304 3802 to
1319 3761 1347 3799 no

231 3841 286 3880 oue
299 3826 353 3894 (res
365 3823 497 3890 nullius).·
513 3823 603 3878 ulrich
616 3824 700 3879 modo
715 3825 748 3889 is,
759 3824 912 3891 doubtlcss,
923 3825 1036 3880 natural
1051 3827 1083 3881 in
1096 3827 1149 3884 the
1166 3847 1257 3887 sense
1269 3831 1346 3887 which

230 3912 246 3966 1
259 3911 331 3965 hare
343 3910 522 3973 mentioned:
537 3910 694 3982 ouncrship
707 3912 791 3983 being
803 3912 943 3983 supposed
958 3920 989 3968 to
1004 3913 1040 3968 be
1052 3915 1246 3981 introduced,
1260 3921 1315 3974 and
1324 3934 1346 3973 a

230 3997 298 4068 long
313 4014 343 4050 ns
358 3996 407 4050 the
423 3997 475 4050 law
490 3997 539 4051 has
554 3998 638 4053 made
653 4015 689 4052 no
703 3998 786 4053 other
797 3999 1002 4070 appciutmcnt
1037 4001 1098 4056 For
1110 4006 1282 4080 owmcrship
1294 4022 1347 4077 may

229 4083 290 4139 also
305 4084 371 4138 take
386 4083 466 4155 place
477 4083 515 4156 by
530 4084 579 4140 the
592 4085 664 4140 Ciril
678 4086 753 4140 lanu.

289 4170 328 4225 11.
357 4171 399 4225 To
411 4169 466 4224 this
479 4171 553 4226 hend
568 4173 590 4225 is
603 4172 739 4236 referred,
750 4173 819 4237 limt,
830 4171 880 4228 tbc
895 4179 1012 4244 capture
1020 4174 1054 4228 of
1062 4175 1132 4231 wild
1144 4177 1259 4244 bensts,
1271 4179 1346 4243 birds
1369 4216 1371 4249 ,

230 4257 323 4313 lishos.
369 4257 427 4312 But
442 4256 504 4312 how
520 4258 586 4328 long
600 4258 680 4315 tlrcso
699 4276 748 4315 nrc
763 4278 804 4314 res
822 4260 933 4323 uirilius,
947 4259 1051 4332 belong
1069 4268 1102 4319 tc
1119 4281 1159 4319 no
1180 4283 1250 4333 one,
1265 4270 1289 4324 is
1305 4278 1345 4322 nct

229 4345 350 4401 without
364 4346 503 4416 question.
541 4344 637 4399 Nersa
658 4363 730 4418 says,
752 4347 815 4402 that
826 4347 909 4403 lishes
924 4349 954 4402 iu
975 4364 993 4402 a
1007 4347 1086 4418 pond
1099 4368 1151 4408 are
1168 4370 1251 4420 curs,
1274 4355 1344 4411 nster

231 4433 261 4486 in
276 4449 293 4486 ιι
305 4431 369 4487 inke
381 4448 430 4488 arc
442 4438 509 4498 not:
523 4432 617 4488 beasts
631 4432 721 4489 which
735 4450 784 4491 aro
796 4435 826 4490 in
837 4451 855 4491 a
866 4436 938 4509 pnrk
948 4450 998 4491 aro
1009 4450 1085 4500 curs,
1096 4447 1150 4494 not
1165 4439 1254 4501 those
1264 4440 1342 4498 vaiet
