2774 4854
393 191 585 260 arrsr'oaa
607 203 659 258 an
683 202 904 260 aserenan.
1162 191 1239 257 xxxi

90 373 133 453 ius
146 395 228 439 omne
246 372 366 459 populi
389 373 426 437 in
442 393 476 439 ee
493 372 746 457 transferebant.
799 370 844 437 At
860 392 942 436 nuno
963 367 1007 436 ibi
1025 375 1138 435 contra
1158 366 1240 458 legi-

91 495 164 540 mus:
184 475 237 540 Ad
252 475 409 560 antiquos
425 494 476 540 cos
487 473 642 559 pertinet,
660 474 719 559 qui
733 473 875 561 speciale
891 473 959 558 ejus
975 474 1026 538 rei
1043 471 1239 537 inundatum

91 585 273 660 acceperant.

149 674 256 742 Libere
273 673 381 765 igitur,
398 674 455 740 sed
472 672 623 752 modesto,
643 672 796 761 ejusmodi
813 675 1009 752 straminea
1026 671 1116 738 nobis
1133 671 1240 738 obser·

93 784 173 853 tutes,
184 799 267 861 quoe
284 787 344 842 ortt
361 777 495 842 irteurie
503 776 615 862 sedit,
629 787 689 840 aut
702 777 849 840 lcumena
862 796 986 862 porum
999 775 1089 841 eavit
1103 785 1239 850 uentura,

93 875 126 941 sd
140 877 298 943 utilitatem
316 877 493 952 Lecturam,
517 874 656 941 indicare
673 896 730 941 nos
746 897 838 962 posse
861 873 1049 963 putarimus,
1074 872 1162 939 saluo
1184 872 1241 938 ho-

95 996 156 1043 noro
170 975 237 1044 l'iri
248 975 370 1066 Magni,
392 975 480 1064 eujus
496 975 712 1058 eruditionem,
730 975 901 1065 ingenium,
916 973 1078 1062 judicium,
1096 972 1240 1052 virtutes,

95 1097 168 1142 aeno
187 1077 306 1164 estqui
324 1075 423 1166 pluris
443 1076 547 1155 saciat,
570 1098 664 1164 quam
685 1098 751 1145 nos.
800 1077 912 1164 Neque
935 1074 1005 1142 heic
1027 1073 1242 1142 substitimus:

96 1176 139 1242 sed
152 1178 251 1257 etiam,
274 1175 371 1244 sicubi
389 1176 478 1244 nobis
495 1176 581 1244 baud
598 1176 675 1244 satis
694 1185 781 1243 recto
801 1175 981 1243 ratiocinari
1004 1176 1088 1242 risus
1104 1184 1163 1252 est,
1185 1184 1243 1241 aut

97 1276 228 1368 principia
253 1299 367 1366 parum
393 1277 484 1344 firma
506 1299 623 1365 ponere
647 1279 744 1365 (quod
768 1299 831 1343 non
857 1275 960 1364 potuit
986 1297 1049 1342 nou
1073 1274 1242 1364 aliquando

97 1379 202 1447 monim
225 1379 280 1457 illi,
306 1377 418 1466 quiin
444 1377 618 1445 vastissima
643 1378 813 1466 disciplina,
837 1387 907 1445 arte
930 1387 963 1445 et
989 1376 1049 1453 ria,
1076 1375 1241 1454 tradenda,

98 1476 207 1565 glaciem
231 1479 424 1570 frangebat)
450 1478 483 1545 id
500 1478 682 1567 simpliciter
699 1489 733 1545 et
749 1478 882 1544 candide
899 1476 1075 1544 monuimus
1088 1476 1121 1543 iu
1135 1478 1242 1544 Notu·
1295 1494 1300 1502 ·

100 1578 133 1645 lit
146 1580 271 1655 nostrin
299 1580 340 1647 de
357 1579 470 1667 quibus
482 1577 550 1667 jam
566 1578 685 1667 aliquid
702 1579 878 1655 dicendum,
900 1588 946 1656 ut,
965 1577 1074 1665 qualos
1090 1576 1153 1644 itta
1168 1575 1242 1655 sint,

99 1681 201 1767 etquid
217 1680 251 1747 in
268 1679 328 1746 illis
344 1679 443 1767 quaeri
461 1680 584 1757 debent,
602 1679 734 1768 quisquo
748 1678 828 1745 sciro
843 1679 950 1767 possit.

160 1783 198 1849 Et
224 1779 488 1870 primoquidem,
522 1790 557 1847 ut
581 1781 651 1868 ipsa
672 1779 842 1869 appellatio
864 1779 970 1847 statim
999 1777 1109 1857 innuit,
1138 1778 1171 1844 in
1199 1777 1245 1845 eis

100 1898 175 1964 qutm
190 1881 382 1957 brevissime,
404 1902 477 1968 quar
493 1880 633 1948 dicendas
650 1892 742 1948 erant
759 1881 936 1970 exprimere
954 1879 1029 1949 anibi
1052 1878 1246 1972 propositum

101 1977 154 2059 luit,
173 2006 210 2049 no
230 1981 327 2049 moles
344 1980 518 2056 voluminis,
538 1981 605 2069 jam
628 1982 705 2049 satis
727 1982 826 2070 spissi,
850 1982 941 2049 nimis
965 1995 1157 2073 augeretur?
1183 2001 1247 2066 qun

102 2077 133 2145 de
150 2104 253 2150 caussa
273 2082 368 2149 etiam
391 2081 550 2158 nonnulla,
574 2104 658 2170 quoe,
680 2082 714 2149 iu
740 2091 889 2150 contextu
910 2083 977 2172 jam
999 2083 1111 2172 posita,
1138 2097 1246 2153 nostor

102 2174 243 2250 immernor
259 2182 292 2249 ia
308 2182 401 2249 Notis
418 2182 491 2262 suis,
515 2182 647 2249 tolidem
672 2182 785 2260 uerbis,
812 2192 869 2251 aut
891 2183 1001 2251 eodem
1025 2184 1119 2273 plano
1141 2207 1244 2265 seusa,

101 2284 263 2366 repetierat,
280 2282 430 2350 audacter
447 2282 664 2371 expunximus.

160 2382 296 2472 Duplicis
320 2393 426 2448 aulem
453 2383 578 2472 generis
604 2391 678 2450 sunt
702 2386 836 2451 Notatur
858 2393 983 2463 nostran,
1011 2383 1044 2452 in
1067 2385 1246 2454 universum

103 2496 239 2563 enecata.
291 2482 371 2549 Alite
396 2482 488 2561 onim,
513 2505 592 2571 quas
615 2486 753 2552 criticas
778 2506 891 2552 recuro
915 2486 996 2562 licet,
1023 2485 1055 2551 in
1077 2508 1114 2553 co
1136 2487 1246 2576 positae

105 2593 169 2657 'unt
189 2594 225 2651 ut
241 2583 292 2650 rel
309 2582 463 2650 rationem
478 2582 727 2651 emendationum
748 2594 804 2653 aut
823 2586 1120 2674 supplementorum,
1142 2587 1196 2655 ubi
1212 2587 1245 2656 id

105 2684 257 2750 consultum
274 2683 372 2749 risum
391 2692 448 2761 cst,
466 2683 618 2762 roddant;
642 2684 693 2751 vel
711 2686 862 2752 Auctoris
879 2683 1100 2780 παροράματα
1115 2686 1147 2755 in
1165 2686 1246 2754 male

105 2779 255 2851 referendis
280 2792 338 2850 aut
360 2783 506 2871 aptandis
529 2784 634 2852 uerbis
659 2784 854 2872 Scriptorum
884 2786 1092 2868 laudatorum,
1120 2787 1245 2875 quando

106 2876 181 2948 edem
200 2884 277 2951 utile
297 2882 481 2961 existimari,
505 2883 664 2963 indicent3
690 2886 740 2951 rel
763 2885 916 2976 originem
938 2908 1081 2953 errorum
1105 2887 1173 2977 ejus
1197 2910 1246 2954 os-

107 2981 233 3062 leodant3
259 2983 312 3050 rel
325 2983 393 3050 sino
409 2993 490 3051 teste
507 2983 632 3072 prolata
648 2985 767 3053 idoneis
783 2986 1023 3054 auctoritatibus
1038 2987 1172 3066 firment,
1189 2998 1247 3056 aut

51 3142 54 3151 .
106 3074 154 3146 tlh
167 3083 313 3171 ejusmodi
331 3084 472 3150 doceant.
517 3084 680 3152 Interdum
697 3087 873 3167 etiamsed
890 3109 963 3153 raro
980 3096 1014 3154 el
1027 3087 1137 3168 obiter,
1154 3098 1246 3157 natus

51 3180 55 3213 ²
107 3177 166 3247 uitii
180 3184 372 3273 conjectures
394 3185 552 3272 proposui,
577 3186 617 3252 do
633 3188 836 3254 emendandis
858 3187 934 3254 locis
951 3188 1102 3255 Votorum
1118 3189 1247 3278 quibus·

106 3272 172 3359 dnm,
187 3307 256 3372 quta
272 3285 304 3351 in
321 3284 396 3372 ipsis
412 3285 550 3351 lontibus
567 3285 678 3353 uitiosa
695 3287 891 3354 uidebuntur.
944 3267 1082 3355 Alterius
1099 3312 1174 3357 sero
1190 3312 1245 3380 ge·

105 3380 174 3447 teris
187 3385 313 3452 Notuloe
330 3393 447 3450 nostrae
464 3387 512 3450 ad
528 3409 579 3452 res
596 3389 689 3472 riuos
701 3391 792 3474 perti
819 3402 876 3466 nrt,
894 3400 928 3455 et
944 3389 976 3455 iu
993 3389 1038 3455 eis
1055 3391 1147 3457 modo
1164 3392 1245 3457 duo·

105 3478 168 3547 toris
187 3495 332 3561 mentm,
358 3483 412 3550 ubi
434 3485 603 3562 obscurior,
634 3486 728 3553 etiam
755 3488 1007 3567 adtendentibus,
1036 3511 1103 3556 esso
1131 3499 1244 3579 protest,

104 3567 227 3651 inviter
242 3583 392 3673 exposui3
417 3583 510 3650 modo
527 3585 594 3671 ejus
611 3609 744 3665 errores,
762 3589 845 3655 circa
862 3589 1023 3677 principia,
1047 3600 1103 3656 aut
1122 3590 1246 3658 ratioci-

100 3681 236 3762 llitiones,
254 3683 397 3761 indicaui,
414 3683 445 3750 in
463 3686 628 3773 praecipuis
644 3687 754 3754 saltem
772 3690 977 3778 argumentis.
1030 3692 1141 3778 Neque
1163 3692 1245 3759 cuim

96 3781 172 3849 r³tio
186 3785 359 3865 brevitatis,
368 3784 436 3872 jam
453 3785 569 3863 adlata,
590 3787 769 3874 patiebatur
785 3800 821 3855 ut
837 3789 940 3854 omnia
956 3792 1176 3876 expendmem,
1191 3802 1248 3858 aut

94 3877 255 3971 laldqmm
283 3885 382 3952 fusius
412 3884 607 3952 deducerem.
660 3889 743 3954 Hinc
771 3888 939 3976 saepissime
965 3890 1042 3956 satis
1066 3890 1170 3958 lacere
1197 3913 1247 3959 me

90 3981 313 4072 recopulari,
332 3986 495 4051 Lectorem
511 3996 633 4052 tuntum
650 3989 848 4065 remittendo,
871 3988 920 4053 rol
935 3989 977 4054 ad
995 3992 1084 4079 Opus
1100 3992 1246 4059 eximium

87 4059 320 4151 Ptrssoonruu
338 4086 390 4152 Dc
406 4088 489 4150 ,lure
506 4089 589 4152 Nat.
605 4099 635 4153 et
657 4091 752 4154 Geut.
769 4111 806 4154 uo
827 4100 951 4154 nostras
976 4090 1008 4156 iu
1034 4114 1104 4157 eum
1128 4092 1247 4159 Gallico

86 4178 211 4251 ’θὴιιιη
235 4188 355 4260 Noton,
387 4183 455 4271 jaun
483 4186 552 4273 plus
577 4188 673 4252 semel
699 4188 817 4266 editam
852 4189 901 4254 rol
925 4189 968 4255 ad
993 4192 1130 4278 ejusdcm
1159 4191 1246 4258 Libri

84 4257 324 4386 epupendium
348 4284 398 4351 eui
420 4283 541 4369 titulus,
563 4289 615 4352 De
641 4290 752 4372 Officio
775 4292 931 4357 Hominis
952 4304 982 4357 ct
1010 4294 1110 4366 Ciris,
1132 4292 1247 4358 nostris

82 4376 182 4453 ‘stam
198 4387 290 4456 Notis
305 4384 423 4455 Gallico
441 4384 640 4466 illustratum,
659 4400 692 4454 ct
708 4389 822 4477 sapius
838 4412 997 4467 recusuun;
1023 4390 1072 4458 sel
1088 4390 1129 4457 ad
1146 4392 1248 4459 Notus
