2774 4854
240 215 304 281 120
537 227 653 285 unuin
674 227 859 285 Pinrmo
880 227 1053 284 uertex.
1242 225 1350 299 [lami.

243 396 322 464 ttoni
337 397 373 464 in
389 419 429 465 eo
447 398 602 464 timentur
618 400 706 464 oiri:
736 397 902 464 interdum
918 396 1044 484 :inquii
1059 395 1179 484 quibua
1198 407 1352 481 potestas

76 511 214 598 regerit
235 499 358 584 populi
374 511 404 565 et
422 501 457 564 io
471 500 628 585 populum
644 501 728 563 cloto
746 510 802 564 est.
856 495 949 563 Tales
970 504 1044 564 suut
1062 517 1142 583 quos
1161 495 1351 562 Plutarchus

73 569 94 609 μ
240 595 296 674 uit,
314 593 352 666 oti
371 594 460 668 κατᾰ
475 596 550 669 rotie
570 594 681 678 νόμους
697 594 805 679 μόνον,
823 593 919 666 <iiii
938 593 991 666 troi
1015 599 1084 665 τῶν
1105 590 1208 676 νόμων
1223 588 1348 690 ἄρχειν,

239 697 415 784 imperium
431 700 549 766 trabere
573 722 637 765 noo
663 722 703 766 oc
721 699 844 784 lepibrtc
868 699 972 774 ιιιοιιο,
995 699 1052 764 rod
1074 707 1105 764 ct
1127 699 1166 762 in
1186 696 1295 781 loyes:
1319 707 1351 763 et

73 818 198 864 mucra
239 797 326 884 apud
353 797 551 865 Herodotum
583 800 703 866 Otanos
731 797 891 888 singulare
919 796 1082 885 imperium
1110 794 1155 861 sic
1182 795 1349 864 describit:

240 892 417 972 ἀνευθύνως
441 894 563 967 ποιὲειν
587 895 632 966 τὰ
650 893 832 985 βούλεται·
848 900 966 985 facero
987 899 1074 984 quod
1089 900 1163 984 quie
1183 898 1276 976 velit,
1299 900 1350 964 ita

240 1009 278 1062 ut
300 997 366 1063 olii
382 999 543 1064 rationem
562 1021 625 1064 nou
646 1002 774 1065 reddat.
823 997 919 1063 Dioni
939 1019 1065 1085 quoquo
1082 997 1262 1063 Prusaeeusi
1278 1019 1348 1088 reg-

74 1108 193 1204 Q?
240 1117 314 1161 num
338 1094 504 1162 definitur:
529 1094 724 1168 ἐπιτάττειν
741 1092 960 1168 ἀνυπεύθυνον
975 1090 1071 1178 ὅντα,
1095 1099 1148 1164 ito
1172 1099 1347 1185 imperare,

240 1208 278 1260 ut
304 1196 370 1261 atti
393 1198 484 1263 rotio
507 1220 572 1263 ooo
598 1202 781 1265 reddatur:
815 1197 986 1264 Pausanias
1011 1196 1193 1263 Messonicis
1219 1199 1349 1286 opponit

71 1328 145 1378 aaa
240 1292 422 1382 βασιλείαν
437 1291 527 1397 ἀρχῇ
545 1293 721 1388 ὑπευθύνῳ,
742 1321 877 1385 reperim
895 1300 1055 1387 potestati
1072 1298 1137 1362 toti
1153 1320 1229 1383 quae
1245 1300 1348 1365 ratio·

239 1417 312 1463 nom
329 1409 462 1463 actuum
478 1399 611 1464 reddere
627 1400 749 1466 debeat.

71 1508 220 1550 νικῆν·
316 1497 360 1562 10
394 1494 578 1563 Aristoteles
593 1520 685 1587 reges
699 1500 848 1586 quostiam
866 1520 934 1566 esse
950 1497 996 1565 uit
1014 1518 1084 1564 cum
1102 1495 1240 1585 cojano,
1263 1498 1347 1585 qnod

237 1593 313 1662 alibi
337 1595 434 1662 habet
458 1594 527 1684 ipso
552 1619 629 1686 gens
655 1598 687 1663 in
712 1623 746 1666 so
772 1622 808 1665 ac
833 1621 900 1666 sna.
948 1598 1000 1665 Sic
1023 1607 1190 1686 postquam
1211 1597 1346 1664 Romani

237 1693 393 1783 principes
418 1695 582 1785 imperium
606 1720 681 1764 vcro
705 1699 827 1788 regium
851 1719 1004 1787 usurpare
1029 1706 1201 1785 coeperunt,
1232 1697 1346 1764 dicitur

71 1806 125 1892 {yut}
133 1807 216 1895 iffi·
238 1794 371 1883 populus
387 1795 420 1862 iu
437 1818 490 1863 eos
505 1819 595 1862 omno
610 1821 699 1864 suum
724 1798 887 1886 imperium
912 1809 945 1865 et
961 1806 1150 1886 potestatem
1167 1797 1344 1875 contulisse,

86 1854 200 1994 “giu-im
238 1895 333 1961 etiam
350 1894 383 1961 in
399 1919 443 1974 se,
470 1905 507 1964 ut
522 1898 750 1984 interpretatur
769 1898 987 1986 ¹Theophilus.
1032 1896 1115 1964 ilinc
1132 1895 1211 1962 illud
1228 1897 1344 1964 dictum

71 1991 191 2080 {iffi
238 1995 282 2061 it
301 1996 450 2062 Antonini
467 1996 666 2084 Philosophi:
692 2001 797 2064 Νιυιιο
817 2000 885 2064 nisi
907 1999 996 2064 solus
1015 1999 1108 2064 Deru
1122 1997 1231 2082 juder
1249 2001 1345 2084 prin·

72 2113 197 2164 rar-eru
238 2097 324 2182 cipis
341 2120 406 2164 csse
416 2110 532 2184 potest.
584 2096 676 2162 Dion.
695 2097 765 2163 Lib.
778 2095 831 2163 liii.
850 2097 890 2164 do
908 2097 963 2163 tali
980 2094 1140 2184 principe:
1156 2092 1344 2179 αὐτοτελὴς

236 2187 338 2271 ὅντως
361 2195 415 2266 xci
433 2193 658 2290 αὐτοκράτωρ,
678 2195 732 2266 troi
754 2194 885 2279 ἑαυτοῦ,
912 2196 965 2265 roi
995 2198 1063 2264 τῶν
1090 2192 1204 2275 νόμων,
1232 2194 1344 2266 πάντα

237 2325 277 2365 τε
302 2299 354 2365 oio
378 2292 543 2382 βούλοιτο
570 2301 657 2394 ποιῇ,
685 2295 738 2364 καὶ
763 2293 862 2366 πάντ’
888 2293 954 2365 ὅσα
979 2290 1019 2366 civ
1042 2291 1087 2378 uri
1108 2293 1282 2382 βούλοιτο
1300 2294 1343 2380 uri

237 2391 398 2494 πράττῃς
429 2398 532 2462 liber
557 2409 613 2473 est,
639 2400 753 2483 artique
779 2419 821 2463 oo
850 2399 959 2483 leptim
982 2409 1108 2482 poteris,
1136 2409 1172 2463 υι
1199 2406 1232 2464 et
1257 2400 1344 2486 quoti

233 2499 314 2574 vult,
327 2498 455 2584 sociat,
482 2509 511 2562 et
537 2498 624 2583 quod
647 2518 712 2561 non
739 2496 819 2571 vult,
846 2518 910 2561 ooo
925 2499 1053 2579 sociat.
1104 2495 1185 2562 Tale
1210 2518 1343 2588 reguum

228 2596 296 2684 jour
323 2596 496 2684 antiquitus
517 2606 587 2661 crat
611 2594 643 2660 in
662 2594 784 2661 Graecia
803 2617 937 2684 reguum
955 2593 1198 2663 ’'inachidarum
1222 2599 1342 2688 Argis:

279 2771 287 2801 ¹
304 2771 360 2819 Non
371 2772 429 2819 setis
439 2776 506 2819 recta
514 2771 690 2832 interpretatio.
702 2771 763 2818 Vidn
812 2771 839 2819 ii.
850 2773 885 2818 10.
897 2785 927 2819 ex
938 2785 987 2832 qus
996 2771 1090 2834 origine
1099 2776 1126 2820 et
1138 2785 1198 2833 now
1209 2774 1278 2835 tyro
1292 2775 1344 2833 d«,

232 2845 332 2893 omniuo
348 2845 414 2894 Ciar.
431 2847 545 2894 Noonrtr
564 2847 658 2892 Otrerr.
677 2846 729 2891 Lib.
745 2859 763 2894 ι.
812 2847 852 2893 cui
870 2847 988 2907 tempium
1009 2848 1100 2895 Thebis
1122 2848 1231 2896 Cadmus
1249 2850 1344 2900 uaria

232 2921 612 2983 cupiitejrndemqueegregum
621 2921 762 2967 Orationem
813 2922 892 2969 Greci
913 2937 966 2970 eum
983 2923 1083 2970 Pallade
1099 2924 1192 2972 dixere.
1222 2925 1345 2974 Dicuntur

231 2997 272 3044 De
279 2996 343 3045 Jure
353 2998 444 3045 Summi
455 2997 562 3057 Imperii,
572 3003 593 3043 et
604 2997 667 3056 [ιρι
675 2997 760 3056 ilecto,
812 2998 928 3058 AEschylo
940 2999 1060 3046 Inachio·
1070 3000 1146 3048 luisse
1156 3001 1262 3063 Pelasgi,
1269 3003 1345 3061 idest,

231 3085 304 3132 quum
312 3077 338 3119 et
349 3085 392 3118 nos
404 3072 497 3119 Gallice
507 3071 761 3130 versum,h'otulis‹1uo
811 3079 918 3119 extorres
933 3088 948 3119 ι
961 3075 1021 3134 Syro
1036 3072 1085 3124 she.
1114 3075 1199 3123 Etiam
1215 3076 1258 3138 qui
1270 3077 1345 3124 hoe·

231 3145 384 3203 illustratam,
397 3147 475 3192 ultera
487 3146 538 3192 vico
552 3146 676 3199 edidimus,
689 3144 761 3190 simul
810 3147 942 3193 drumonem
953 3148 1025 3208 primi
1033 3154 1142 3207 tenuere,
1155 3150 1255 3210 Pelasgi
1268 3157 1344 3207 eruut,

230 3235 284 3268 cum
293 3221 410 3268 Oratione
417 3222 550 3269 Gnoxorrr
558 3221 665 3281 Deche
674 3222 760 3281 ltcpiu,
809 3224 873 3267 unde
880 3225 1172 3284 Abrahamosecognotou
1177 3226 1344 3274 uoebnnth·

230 3310 286 3343 uun.
298 3299 366 3344 1714.
395 3297 464 3344 Mi.
809 3297 947 3343 cednmonii
959 3299 1259 3349 inhistorialitceabaicu.
1278 3303 1343 3362 (Lib.

275 3377 286 3410 5
300 3371 484 3434 trutinarum]
498 3371 536 3418 1st
544 3378 676 3432 metopio.
685 3372 760 3418 Deut.
809 3385 828 3421 r.
838 3388 891 3434 cop.
905 3377 941 3433 15,
950 3389 1011 3423 reru.
1020 3378 1069 3433 21).
1091 3376 1250 3426 Sicutuutem
1258 3379 1344 3441 Argivi

229 3629 269 3685 So
284 3629 420 3686 Plutarch
437 3630 538 3702 speaks
556 3629 589 3683 oi
608 3629 688 3683 those
705 3627 768 3683 who
786 3627 857 3685 hare
876 3630 1020 3704 authority
1042 3636 1093 3687 not
1110 3631 1179 3705 only
1200 3632 1278 3689 from
1294 3634 1344 3690 the

228 3716 303 3782 lawe,
318 3717 370 3773 but
385 3734 453 3772 over
464 3717 513 3771 tho
528 3717 602 3770 lans.
638 3716 743 3769 Otancs
759 3715 787 3768 in
803 3716 965 3771 Herodotus
984 3718 1084 3790 speaks
1097 3719 1131 3774 oi'
1142 3719 1344 3792 irrespousible

228 3803 382 3876 authority.
425 3804 464 3858 So
478 3804 534 3858 Dio
546 3803 716 3857 Prosocensis
731 3801 787 3854 und
801 3803 954 3859 Pausanias
967 3821 1073 3877 oppose
1091 3805 1190 3879 kiugly
1202 3823 1302 3880 power
1315 3814 1344 3864 to

229 3889 404 3960 responsible
423 3907 526 3960 power.

285 3979 319 4028 10
337 3975 471 4029 Aristotlc
484 3993 546 4046 says
565 3975 627 4030 that
646 3991 722 4029 sorno
741 3975 821 4046 king:
837 3975 908 4031 hare
923 3977 972 4032 tho
986 3995 1081 4050 power
1095 3978 1197 4047 which,
1216 3981 1247 4036 iu
1262 3981 1347 4038 other

228 4058 332 4131 places,
355 4060 404 4114 tho
428 4062 524 4115 nation
543 4061 593 4115 has
616 4078 682 4115 orer
704 4061 788 4116 itsoli.
822 4063 860 4116 So
876 4063 957 4118 when
975 4066 1023 4121 tho
1045 4067 1158 4122 Roman
1176 4068 1271 4124 rulers
1288 4067 1346 4123 hud

194 4163 199 4192 ,·
229 4146 363 4217 required
379 4163 396 4200 a
412 4146 499 4218 really
515 4148 593 4218 royal
609 4164 711 4218 power,
730 4147 779 4201 the
790 4148 897 4219 Peoplo
913 4151 935 4203 is
950 4152 1010 4205 said
1029 4160 1059 4207 ιο
1077 4152 1150 4209 hare
1167 4154 1345 4211 transferred

229 4237 260 4287 to
272 4232 351 4288 them
363 4233 401 4287 all
418 4235 452 4287 its
468 4233 612 4303 antlror'uy
628 4234 682 4286 anti
700 4251 801 4305 ponor.
839 4237 936 4291 lleuco
951 4237 1111 4294 Antoninus
1125 4239 1187 4294 said
1204 4239 1269 4295 thu:
1284 4241 1347 4296 Goti

228 4319 340 4375 οἱουοίι
358 4321 398 4376 tho
409 4322 494 4394 judqe
510 4322 545 4394 ο]
557 4321 597 4374 ιιι
613 4321 721 4375 Princo.
760 4320 816 4375 Dio
828 4339 900 4394 says,
915 4322 949 4380 oi
958 4324 1026 4379 euch
1041 4342 1058 4379 a
1071 4326 1183 4390 Princo,
1198 4325 1265 4381 that
1277 4327 1347 4383 teir

220 4407 285 4481 [τω
299 4414 326 4463 ιο
344 4408 379 4463 do
396 4409 456 4463 ond
471 4417 516 4463 not
538 4417 563 4463 to
582 4408 617 4462 do
635 4407 706 4462 nint
724 4409 754 4463 ic
770 4409 879 4481 pleuros.
915 4410 992 4467 Such
1011 4428 1029 4466 a
1046 4427 1144 4484 power
1156 4428 1215 4468 tras
1232 4411 1300 4470 that
1316 4414 1348 4470 iu
