2774 4854
56 254 129 313 Cur.
143 247 194 326 ἶ]
354 253 467 312 mnis
488 254 533 311 m
554 253 767 321 PERSOMS,
787 252 872 312 ΕΤΟ.
1105 247 1168 313 331

56 418 227 488 subsistere
254 441 317 487 uon
344 419 450 509 possit
516 421 567 487 De
596 420 792 511 singulorum
819 419 1005 488 discessione
1031 417 1094 488 slis
1120 443 1173 489 res

58 522 195 599 ridetur,
212 521 292 588 sicut
308 520 393 587 uliud
411 530 459 588 est
477 543 517 588 ex
534 521 660 589 domino
676 541 791 610 aquarn
807 519 945 597 haurire,
963 519 1050 588 uliud
1069 520 1172 588 rirum

58 623 217 690 diducere.
269 623 321 689 De
341 645 406 687 suo
423 624 539 710 cuique
561 625 696 690 civitate
711 624 881 689 statuendi
893 622 1051 709 facultas
1067 622 1174 690 litero

59 737 117 801 est,
142 724 188 790 uit
205 721 437 811 Tryphoninus
482 723 591 790 Cicero
616 745 675 812 pro
698 721 800 788 Bulbo
824 721 934 788 laudnt
951 721 1005 810 jus
1024 720 1111 799 illud,
1133 739 1338 827 neutum

60 827 135 909 quio
150 827 188 889 s'n
205 826 338 891 civitate
354 835 487 890 maneat
503 827 635 901 inuitus,
657 832 690 890 et
697 824 955 909 fundamentum
971 831 1064 890 socut
1079 824 1175 890 liber·
1186 786 1335 930 ὲζξῗῖ*

61 928 152 1000 tatis,
175 926 230 991 sui
252 945 411 1010 quemque
418 923 511 1007 juris
531 933 564 991 ct
584 927 757 1003 retinendi,
774 937 805 990 et
824 924 1014 991 dimittendi
1035 946 1102 992 csse
1117 925 1175 992 do·

59 1029 194 1090 minum.
247 1023 366 1089 Tamen
394 1021 446 1090 hic
472 1045 596 1113 quoquo
624 1024 780 1092 scrrsndu
807 1033 857 1090 est
881 1023 995 1114 regule
1021 1021 1174 1091 naturalis

60 1123 226 1213 equitatis,
255 1144 349 1211 quum
375 1124 510 1191 Romani
540 1123 573 1191 in
599 1125 732 1212 prirutis
764 1123 964 1192 societatibus
990 1123 1174 1193 dirimend'n

59 1224 158 1292 secuti
172 1233 254 1306 sunt,
272 1233 309 1292 ut
320 1223 353 1292 id
370 1247 433 1292 non
450 1224 541 1292 liceat
556 1223 582 1291 si
598 1225 755 1293 societatis
769 1225 901 1294 intersit
928 1223 1061 1314 Semper
1077 1225 1171 1304 enini,

58 1338 98 1392 ut
113 1337 199 1392 recte
216 1325 317 1414 inquit
333 1325 496 1401 Proculus,
519 1347 582 1392 non
602 1324 635 1391 id
652 1326 738 1415 quod
759 1325 908 1414 privatim
924 1325 1057 1393 interest
1079 1326 1171 1393 tinius
1184 1339 1338 1430 ‘m‘

59 1449 101 1493 ex
118 1427 207 1494 sociis
223 1425 342 1493 seruari
359 1426 448 1503 solet,
465 1425 521 1493 scd
538 1426 622 1514 quod
642 1427 782 1494 societati
803 1426 940 1515 expedit
992 1386 1336 1495 ”ineuntium

59 1539 166 1595 autem
183 1526 340 1593 societatis
354 1526 452 1593 ciuilis
468 1550 529 1593 non
544 1527 636 1615 ubire
648 1527 757 1604 civem,
772 1527 799 1593 si
816 1548 965 1617 magnum
977 1535 1172 1595 conuectum

59 1629 101 1695 sit
118 1651 162 1695 tes
184 1629 330 1705 alienum,
347 1627 406 1693 nisi
431 1638 560 1716 perotus
576 1626 617 1696 sit
640 1627 715 1695 ciuis
732 1629 763 1694 iu
784 1649 922 1716 praeseus
938 1638 1062 1715 purtem
1083 1649 1173 1695 suurn

59 1728 242 1797 exsolvere:
268 1728 343 1794 item
369 1726 396 1794 si
418 1727 532 1795 fiducie
554 1728 760 1796 multitudinis
785 1728 901 1796 bellurn
922 1727 964 1795 sit
982 1737 1172 1818 susceptum,

59 1829 236 1919 presertim
252 1828 278 1895 si
300 1826 420 1895 obsidio
436 1827 604 1908 imminent,
622 1829 681 1896 nisi
696 1839 827 1918 puratos
847 1829 889 1896 sit
906 1828 982 1894 civis
1002 1828 1055 1897 illo
1076 1828 1172 1897 siiurn

59 1952 150 2019 osque
166 1929 312 1996 idoneum
327 1927 527 2011 substituere,
544 1929 598 2018 qui
614 1928 838 2019 rempublicam
856 1928 1015 1997 desendet.

134 2033 156 2097 3
184 2031 287 2098 Extra
303 2030 361 2096 bos
377 2052 466 2096 cusos
481 2029 630 2097 credibile
651 2039 699 2096 est
716 2029 758 2097 sd
774 2028 905 2097 liberem
928 2028 1041 2097 civium
1056 2029 1172 2101 dison·

58 2131 176 2199 sionem
205 2129 381 2197 consentire
404 2129 544 2219 populos,
575 2129 650 2219 quis
676 2152 739 2196 non
767 2128 868 2197 minus
895 2151 936 2196 ex
960 2151 1000 2198 es
1024 2130 1173 2202 liberter·

57 2231 211 2299 commodi
228 2230 344 2298 sentire
360 2229 486 2297 sliunde
502 2238 642 2321 possunt.

57 2395 302 2455 Romssprinceps
311 2393 379 2441 adn
389 2391 594 2441 ΜΡΝ
641 2391 779 2441 nlmtuu
788 2393 893 2455 ῳιᾱω
905 2393 945 2441 ul
958 2405 1112 2455 quomque
1122 2392 1173 2442 site

57 2471 172 2517 subditos.
197 2470 347 2531 [Dicendum
359 2475 420 2526 srst,
430 2468 461 2516 de
470 2467 592 2516 [asom
641 2483 699 2517 essu
708 2470 778 2516 reniti
790 2469 898 2517 honines
908 2471 933 2516 iu
944 2469 1041 2517 ciritste
1055 2482 1105 2518 nos
1118 2483 1172 2517 ur·

58 2547 131 2607 Repe,
151 2560 199 2592 nou
222 2547 251 2592 de
271 2545 340 2592 Luto
359 2559 421 2606 repe.
453 2544 488 2591 Bt
503 2558 590 2591 nonen
641 2547 705 2607 plius
720 2546 845 2607 sepedum
862 2547 926 2593 unde
947 2546 1036 2593 sinna
1053 2549 1173 2608 quast.

57 2629 112 2670 erst
133 2622 249 2669 Truthus.
278 2621 359 2669 Locus
383 2626 420 2667 cst
448 2621 473 2666 tn
498 2618 591 2668 iustinl
641 2621 751 2682 Uterque
766 2630 848 2668 sutcrn
873 2634 943 2669 cuens
961 2621 1036 2669 tseits
1054 2625 1173 2684 exceptu

58 2700 89 2747 Ti
119 2700 228 2745 ieisrits.
253 2697 307 2745 Lib.
319 2710 374 2744 xiv.
386 2710 471 2756 cupa.
494 2695 522 2743 J.
533 2694 581 2756 B.]
640 2696 786 2755 intelligitur
799 2696 824 2742 in
841 2702 922 2757 pecto.
937 2710 987 2756 qno
1001 2696 1089 2758 sltqnls
1104 2695 1173 2745 ctvt-

105 2775 178 2822 ‘Vix
194 2774 303 2821 seeidcre
320 2779 410 2835 potest.
427 2778 455 2820 ut
468 2773 590 2833 μορίω
640 2771 868 2819 tstiseobstrinsit.
896 2769 969 2819 M.

59 2852 132 2899 cim
152 2851 285 2907 discedunt,
304 2850 349 2896 nisi
370 2849 469 2910 qnando
483 2853 527 2895 snt
543 2849 590 2895 isn-
685 2843 1049 2909 'latmituunnddntid
1063 2845 1172 2895 Bab!

58 2930 153 2990 perium
179 2927 329 2989 tprsnnlcntn
352 2925 445 2972 isc-turn
469 2924 525 2983 init,
546 2927 591 2971 sut
639 2921 761 2971 librom.

58 3142 82 3196 is
98 3139 245 3205 differente
258 3154 291 3195 us
302 3140 324 3194 it
339 3139 363 3194 is
377 3154 432 3194 orie
446 3136 508 3193 thiu
543 3143 574 3192 to
589 3135 656 3191 tute
670 3142 758 3191 ester
768 3141 819 3190 out
830 3132 865 3190 ot
875 3151 894 3190 s
904 3134 981 3192 riser
994 3134 1024 3190 in
1038 3150 1057 3191 s
1071 3132 1169 3200 vensi.
1189 3201 1193 3208 .

58 3246 76 3282 n
97 3227 178 3282 ohcr
205 3225 273 3281 hin«.
286 3237 316 3281 to
330 3234 396 3280 tum
409 3225 452 3279 od
463 3240 479 3277 s
512 3232 555 3278 ort
568 3210 597 3276 ol
613 3212 662 3278 tllc
677 3212 751 3277 river
767 3209 831 3295 bys
842 3220 903 3277 side
914 3229 971 3277 cut
1000 3211 1086 3279 Βῆ
1100 3215 1170 3279 iiiii

57 3237 1169 3383 &mmet-:offredo

59 3402 165 3456 Cicero.
204 3402 259 3454 But
276 3400 344 3453 hore
360 3397 408 3453 tho
424 3397 485 3452 rulo
497 3397 530 3451 oi
546 3397 657 3451 nuturul
675 3398 773 3469 equits
787 3398 811 3452 is
823 3404 853 3451 to
870 3396 906 3451 bo
920 3395 1066 3459 obsersed.
1079 3393 1171 3451 siricii

58 3488 109 3543 tho
123 3488 248 3542 Rornsns
264 3485 393 3540 followed
409 3485 438 3539 io
454 3483 576 3555 siuding
597 3500 636 3555 up
654 3483 703 3538 tho
723 3483 796 3539 sffuir
839 3483 874 3537 ot
891 3482 1001 3555 prirsto
1022 3481 1171 3547 sodetiest

58 3574 121 3630 thot
129 3576 151 3629 it
163 3572 262 3629 should
273 3580 324 3627 not
334 3570 372 3626 be
383 3571 465 3629 done.
481 3569 507 3624 ii
516 3570 565 3625 the
577 3571 709 3626 interest·
721 3569 755 3624 oi
763 3569 813 3625 the
823 3569 932 3641 society
942 3567 1078 3624 iorbodoz
1093 3566 1172 3624 ‘first

58 3664 125 3718 isto
139 3661 175 3716 bo
187 3660 270 3723 done,
285 3658 346 3713 suid
361 3656 507 3719 Proculus,
518 3664 569 3711 not
583 3655 674 3711 which
687 3657 710 3712 is
726 3656 775 3712 tbc
787 3658 907 3711 interest
920 3653 955 3711 oi
964 3671 1019 3712 ons
1033 3651 1171 3720 member,

56 3749 111 3803 but
124 3748 159 3802 oi
172 3745 223 3802 the
240 3745 331 3801 whole
344 3744 460 3815 socioty.
505 3742 570 3797 lind
588 3742 611 3797 it
630 3743 654 3798 is
675 3743 722 3797 ior
738 3742 789 3798 tuo
810 3744 930 3798 interest
948 3740 982 3796 oi
997 3740 1047 3797 tbs
1061 3740 1171 3814 society

56 3835 122 3891 thst
135 3851 153 3890 s
167 3835 268 3889 citizen
282 3830 383 3888 sbouid
401 3839 452 3885 not
466 3830 545 3885 tonse
559 3827 610 3884 ube
623 3838 752 3901 counire,
767 3828 793 3883 ii
809 3827 859 3884 the
877 3833 996 3900 country
1007 3826 1045 3883 be
1059 3825 1172 3900 μῦ]

57 3923 86 3977 in
106 3921 183 3984 debt,
198 3926 298 3992 except
313 3918 363 3973 tbe
377 3919 476 3975 citizen
495 3917 518 3971 is
537 3917 678 3988 prepared
693 3927 723 3970 to
737 3931 793 3988 puy
808 3913 851 3969 iiis
869 3924 952 3988 pnrtc
973 3911 1030 3969 sud
1044 3915 1138 3986 quin,
1148 3911 1176 3969 it

57 4008 107 4064 tiro
121 4016 242 4080 country
256 4005 328 4061 bure
346 4005 523 4059 undertskon
538 4020 604 4067 sur,
627 4002 737 4074 reiying
751 4018 828 4074 upon
843 4002 880 4056 its
897 4001 1074 4074 populstion,
1090 4015 1172 4073 ceps·

57 4096 141 4168 cinlly
156 4094 182 4150 ii
201 4111 219 4148 s
242 4094 319 4163 siege
340 4090 377 4146 bo
401 4091 502 4162 likelyt
525 4098 626 4162 except
643 4088 708 4145 thot
729 4090 829 4144 citizen
847 4087 884 4144 bo
900 4087 1005 4161 sitting
1026 4094 1058 4144 to
1075 4085 1136 4142 dud
1152 4100 1172 4141 s

56 4183 208 4239 substituto
224 4188 253 4235 to
269 4179 336 4234 tutte
351 4178 394 4234 his
408 4178 490 4250 ploce
503 4178 532 4231 in
544 4175 699 4248 detonding
711 4175 761 4232 the
772 4182 902 4248 country.

116 4275 132 4325 3
162 4269 271 4340 Except
286 4268 315 4322 in
331 4265 411 4322 rimo
428 4280 514 4325 ceses.
531 4265 555 4318 it
569 4266 593 4319 is
608 4272 639 4319 to
650 4263 687 4319 bc
698 4261 839 4336 supposed
859 4261 923 4316 thnt
936 4277 955 4316 s
968 4258 1072 4334 propio
1086 4272 1172 4333 mse

56 4365 87 4414 to
103 4356 152 4411 the
166 4354 228 4411 troo
242 4354 396 4429 depsrturo
416 4351 450 4408 oi
461 4352 593 4417 citiscosc
614 4350 661 4408 tor
680 4349 749 4423 tbep
759 4349 856 4406 deriso
870 4347 1043 4422 sdnutoges
1057 4345 1131 4403 troni
1148 4344 1173 4402 tt

56 4445 87 4501 ln
100 4442 184 4500 other
195 4457 278 4516 πμ.
388 4471 393 4480 -
