2752 4844
104 198 176 264 xxvi
520 210 549 267 J.
574 210 840 268 assemsum

103 378 247 448 initium:
270 382 349 449 Non
361 382 485 469 sacrat
506 403 684 467 conprensa
707 393 840 447 uotum
863 381 1027 456 damnate,
1052 404 1126 469 qrsoe
1141 383 1213 448 aiei
1232 403 1273 447 ec

103 482 210 566 siquis
236 502 334 549 sarus
359 496 456 549 actas
479 505 667 568 coqrroscere
689 505 755 548 noa
776 495 893 568 potest.
939 482 1058 548 Vocem
1081 485 1190 548 aniani
1213 482 1273 547 ad·

105 580 180 660 didi,
206 604 279 670 quar
302 582 336 650 iu
360 583 611 672 praecedentibus
634 582 762 671 legitur,
787 605 846 648 uec
870 582 938 649 sinc
962 582 1078 648 &mun
1101 582 1271 650 sententiae

103 681 177 749 hinc
191 686 301 751 abessa
317 696 441 773 potcst;
463 684 576 750 aberat
591 693 698 749 maen
710 683 780 769 jara
794 684 828 748 in
844 684 948 772 prims
963 683 1122 749 Editiouc.
1170 682 1270 770 Ejus·

104 781 176 849 dem
194 784 263 851 Lib.
286 806 354 873 cap.
372 805 420 853 rx.
441 788 458 870 b
475 782 566 852 71n
581 781 664 850 tine:
689 795 806 850 contra
822 808 875 852 eos
891 809 914 850 a
931 789 1092 852 concursui
1106 787 1269 851 sociorum

104 903 261 951 couciaco
276 907 330 953 ros
343 887 503 971 judicato
518 896 574 951 cst.
625 884 698 949 Vox
715 887 863 963 concilio,
885 885 1009 955 omnino
1025 884 1212 961 necessaris,
1235 885 1268 950 in

103 985 251 1053 Editioue
265 1007 340 1053 aum
329 985 460 1053 1632.
477 983 532 1050 nbi
548 983 727 1072 exemplum
743 984 897 1063 additum,
914 985 1095 1053 exciderat:
1121 985 1208 1052 uude
1224 985 1268 1051 nil

103 1085 227 1163 mirum,
245 1085 272 1153 si
287 1086 321 1152 in
337 1086 424 1152 nulla
438 1084 634 1173 sequentium
649 1086 800 1152 hactenus
813 1087 959 1174 suppleta
973 1086 1078 1154 suerit.
1128 1085 1182 1154 Sic
1198 1107 1266 1174 esp.

103 1207 138 1253 x.
163 1186 314 1275 sequenti,
347 1192 363 1275 ξ
388 1189 430 1254 6:
470 1193 597 1264 Quone
618 1210 684 1253 non
707 1191 810 1254 teucri
831 1211 904 1254 eum
929 1190 976 1254 od
1004 1189 1268 1254 Rssmrumsuos

91 1289 242 1372 finctus,
271 1300 330 1356 cte.
358 1286 553 1354 omissionem
581 1287 666 1353 vocis
692 1289 918 1365 restituendos,
950 1287 1030 1354 adeo
1058 1287 1265 1365 manifestam,

101 1406 197 1474 quum
218 1386 251 1453 in
267 1388 400 1476 primam
416 1388 593 1455 Editiouem
610 1387 798 1476 irrepsisset,
821 1410 929 1453 omues
951 1387 1098 1474 deinceps
1119 1388 1266 1479 religiose

100 1496 316 1556 servaverant.
370 1486 445 1554 Nou
468 1487 515 1554 ita
534 1487 638 1564 obvia,
661 1488 717 1554 sed
739 1498 844 1554 tamen
870 1485 1057 1553 adtendenti
1080 1486 1126 1553 ad
1151 1488 1265 1554 seriem

101 1584 250 1652 orationis
275 1585 368 1654 {acilo
395 1597 507 1676 patere
534 1598 660 1676 poterat
688 1611 736 1664 ea,
771 1608 843 1674 quse
874 1586 1096 1675 reperiebatur
1125 1586 1266 1675 ejusdem

101 1684 190 1753 Libri
215 1707 283 1774 cop.
302 1708 362 1755 ιιι.
389 1693 405 1776 ξ
425 1691 480 1757 12.
507 1710 590 1754 num.
610 1692 640 1755 l.
695 1690 740 1756 Ut
764 1690 897 1755 etiamsi
920 1711 979 1755 acc
1003 1688 1145 1755 celatum
1170 1691 1265 1774 qnid-

100 1808 201 1874 qtrom
225 1789 281 1868 cit,
299 1800 356 1855 etc.
378 1810 407 1855 sr
427 1791 520 1856 inre
543 1802 653 1856 tomen
677 1791 940 1875 deprehendatur
955 1790 1180 1876 inequalitas,
1205 1803 1263 1858 etc.

100 1886 261 1955 Psrtiouls
275 1891 308 1956 oi
323 1888 356 1954 in
373 1889 515 1956 omnibns
533 1888 731 1955 Editionibns
746 1889 867 1966 deerat,
890 1911 962 1976 quse
979 1901 1086 1956 mmeu
1101 1890 1145 1956 ad
1166 1891 1265 1956 ratio·

100 1986 263 2054 cinctionis
284 2010 399 2056 nexum
427 1988 551 2056 omnino
573 1998 623 2054 est
641 1990 826 2056 necessaria.
878 1989 955 2079 Cap.
974 2011 1047 2056 xxc.
1075 1993 1164 2076 511.
1188 1993 1262 2057 intr.

100 2090 267 2156 occasione
283 2091 414 2177 quidem
430 2089 573 2174 alicujus
589 2091 723 2176 pcccati
743 2110 869 2168 susus,
889 2099 949 2156 ete.
1003 2089 1087 2156 Illud
1103 2093 1209 2158 alieni
1230 2091 1265 2158 ia

99 2186 186 2254 nulls
202 2189 353 2257 hactenus
368 2189 516 2257 Editione
536 2200 775 2276 comparuerat;
803 2190 888 2277 quod
904 2199 1010 2257 mmen
1026 2191 1183 2257 sententia
1199 2212 1265 2258 ma-

99 2285 212 2355 nifesto
228 2289 375 2378 postulat.
426 2288 603 2378 Aliquando
620 2289 718 2355 rerba
740 2312 974 2378 supervacanea
995 2291 1105 2357 relicta
1126 2291 1264 2370 fuerant,

99 2410 171 2477 quse
188 2411 312 2457 sensnm
330 2390 521 2459 turbabantr
546 2389 633 2478 eujus
657 2389 706 2456 rei
730 2390 905 2480 exemplum
929 2390 1129 2469 luculentum,
1154 2391 1265 2459 ridere

98 2490 218 2578 poteris
244 2490 313 2558 Lib.
332 2491 376 2558 11.
402 2512 472 2579 cap.
491 2512 547 2560 uu.
577 2496 592 2578 ξ
619 2492 804 2566 2.num.1,
831 2503 906 2558 nota
928 2493 981 2577 (c).
1035 2491 1147 2559 Sensui
1168 2491 1265 2559 etiam

97 2612 319 2679 nonnunquam
349 2600 499 2658 nocuerat
525 2612 625 2680 prava
651 2590 871 2679 interpunctio,
906 2601 1086 2659 constanter
1112 2600 1264 2661 serrata:

97 2693 178 2760 odeo
194 2700 240 2768 ut,
257 2701 390 2781 propter
404 2691 468 2758 tale
484 2691 605 2769 vitium,
623 2690 693 2758 Lib.
705 2693 768 2757 111.
782 2714 849 2779 esp.
866 2714 914 2758 ιι.
931 2695 990 2779 §⁶-
1006 2715 1089 2759 num.
1110 2698 1146 2760 lc
1172 2695 1263 2762 Pbo-

97 2813 215 2869 conces,
227 2791 261 2858 in
277 2794 424 2869 Groecio,
440 2793 673 2878 consonpuinci
688 2800 868 2859 statuantur
881 2795 1038 2861 Coecdtam
1053 2792 1088 2860 iu
1102 2795 1262 2871 Etruria,

96 2914 134 2960 nc
147 2900 318 2982 propterea
334 2893 455 2959 Auctor
469 2901 576 2959 noster
595 2913 616 2958 a
632 2891 814 2959 Gnosovro
840 2903 998 2981 carpatur,
1025 2902 1058 2960 et
1080 2893 1132 2960 hio
1155 2915 1190 2960 ss
1215 2892 1264 2983 ip-

95 3014 165 3060 tum
182 2991 325 3059 inanibus
341 2991 534 3080 conjecturis,
549 2991 591 3058 ad
603 2991 813 3081 detegendum
826 2992 943 3059 sontem
957 2993 1083 3070 erroris,
1099 3003 1262 3082 torqueat;

97 3102 132 3160 ut
158 3114 199 3159 ox
224 3091 271 3170 iis,
306 3114 378 3180 quse
404 3093 498 3160 Notae
524 3092 607 3158 illius
632 3091 675 3159 47
703 3092 830 3180 subjeci,
856 3093 954 3160 cuivis
978 3093 1156 3184 intelligere
1179 3096 1262 3162 licet

97 3193 161 3260 Sed
178 3192 246 3258 hsce
263 3192 388 3259 abunde
402 3192 566 3269 sufficiunt,
589 3192 630 3258 ad
647 3192 873 3260 ostendendum
891 3214 985 3281 quam
1002 3194 1178 3261 necessaria
1194 3194 1264 3262 fue·

95 3292 139 3361 rit
155 3313 251 3382 opers
267 3302 384 3370 nostra,
410 3292 442 3359 ia
459 3291 669 3359 emaculandis
686 3302 719 3359 et
741 3292 945 3360 restituendis
969 3291 1045 3359 loeis
1067 3315 1129 3359 non
1153 3295 1263 3382 paucis

95 3393 207 3481 posita,
226 3393 279 3461 ubi
295 3392 414 3461 nulium
429 3402 500 3460 erat
515 3414 536 3460 a
552 3390 710 3482 prioribus
733 3404 767 3460 et
784 3391 1044 3460 emendatissimis
1060 3392 1263 3463 Editioaibus

93 3494 272 3563 subsidium.

171 3597 333 3662 Prmterea
348 3615 416 3662 rem
431 3616 529 3684 prope
546 3592 689 3660 immensi
704 3591 822 3662 laboris
834 3592 1001 3683 adgressus
1017 3614 1095 3670 sum,
1109 3592 1152 3662 ad
1166 3616 1262 3682 quam

95 3695 197 3763 nullus
220 3695 331 3762 horum
355 3693 523 3762 Librorum
551 3697 723 3782 interpres,
747 3703 782 3762 et
810 3715 850 3759 uc
878 3693 1005 3781 quidem
1032 3694 1262 3764 eruditissimus

94 3796 574 3871 transscendentes,
603 3816 749 3881 umquam
776 3793 853 3860 data
880 3816 977 3882 opera
997 3793 1133 3860 animum
1159 3795 1262 3864 inten-

93 3897 216 3974 derant,
234 3898 289 3964 sed
306 3905 428 3964 tantum
445 3904 541 3984 prout
561 3896 711 3961 memoria
732 3895 935 3984 suggerebat,
960 3903 1016 3961 aut
1032 3894 1119 3961 aliud
1135 3898 1260 3986 agendo

93 3997 229 4064 dabatur
254 3996 391 4065 occasio:
419 4009 455 4064 ut
480 3996 627 4062 nimirum
654 3997 757 4062 omnia
782 3995 851 4061 loca
874 3996 1078 4084 Scriptorum,
1106 3998 1258 4066 Veterum

94 4098 278 4187 prcesertim,
303 4121 374 4186 quse
390 4098 431 4164 ab
449 4099 588 4163 Auctore
605 4106 712 4162 nostro
729 4097 917 4162 adferuntur
940 4109 997 4164 aut
1011 4097 1201 4177 iudicantur,
1227 4099 1258 4164 iu

93 4198 168 4287 ipsis
185 4200 330 4278 fontibus,
354 4208 504 4287 quantum
523 4197 592 4263 fieri
610 4209 724 4285 posset,
742 4218 927 4286 quaererem,
952 4208 985 4265 et
1003 4198 1188 4287 plerumque
1204 4199 1257 4265 ad·

93 4309 202 4367 curato
240 4301 458 4389 expenderem.
513 4299 582 4363 Iioc
623 4308 739 4377 autem,
774 4306 811 4365 ut
851 4297 1057 4376 utilissimum,
1090 4299 1254 4386 aliquando

93 4400 187 4468 etiam
206 4401 296 4469 rslde
312 4401 519 4470 necessarium
536 4406 608 4467 erat
624 4399 665 4466 nd
683 4409 820 4468 mentem
837 4399 985 4466 Auctoris
1004 4398 1255 4490 intelligendam:
