2774 4854
232 209 296 273 182
546 213 600 272 nn
622 215 747 273 nunno
771 213 1029 273 sunnrnonun
1204 192 1340 285 'rnen

305 384 327 453 5
361 383 469 454 Simile
484 383 585 453 rideri
602 392 705 475 potest
722 384 839 452 iactum
856 385 1127 452 Maccahaeorum:
1155 404 1232 451 nam
1255 384 1341 472 quod

232 485 359 576 quidam
384 487 452 554 hoec
476 508 566 552 arma
588 509 626 554 eo
654 487 744 554 titulo
769 485 952 565 defendunt,
974 485 1063 573 quasi
1084 483 1261 552 Antiochus
1280 507 1341 552 non

233 609 301 666 rex,
327 588 383 654 sed
408 586 535 652 invasor
557 586 661 663 fuerit,
680 609 794 653 vanum
812 595 909 675 puto:
934 609 1004 653 cum
1025 606 1179 672 nusquam
1203 583 1341 652 inomni

233 687 365 755 historin
386 685 566 763 Maccabei,
590 695 623 753 ot
644 685 698 774 qui
724 709 831 752 corum
853 694 960 776 partes
985 687 1208 774 sequebantur,
1233 684 1341 752 Ando-

233 787 326 855 chum
351 786 413 854 elio
442 807 536 873 quam
564 785 649 875 rogis
675 787 800 854 nomine
824 788 1030 874 compellent3
1059 795 1093 854 et
1116 784 1233 853 merito
1255 808 1339 863 sane,

233 910 304 955 cum
323 885 514 975 jampridem
531 886 737 953 Macedonum
760 887 892 976 imperia
915 887 1117 977 agnovissent
1140 887 1283 966 Hebraei,
1308 886 1339 954 in

232 1009 364 1076 quorum
377 987 431 1073 jus
447 985 620 1053 Antiochus
636 997 835 1054 successerat.
871 989 904 1053 N
904 1010 956 1054 am
967 989 1053 1076 quod
1064 989 1116 1055 lex
1128 997 1220 1055 vetat
1235 987 1340 1055 alieui-

231 1109 346 1179 geuam
370 1085 484 1177 populo
506 1086 632 1176 proeiici,
659 1088 700 1155 de
727 1087 903 1155 uoluntaria
928 1088 1077 1156 electione
1101 1087 1338 1179 intelligendum

232 1197 370 1267 estnon
392 1188 433 1256 de
456 1210 504 1266 eo,
529 1188 613 1276 quod
639 1196 814 1276 temporum
836 1187 1021 1256 necessitate
1036 1189 1192 1257 adductus
1209 1189 1340 1278 populus

231 1288 337 1357 facere
366 1289 546 1379 cogebatur.
606 1289 698 1369 Quod
727 1311 804 1356 vero
833 1289 922 1356 aiunt
948 1289 1010 1368 alii,
1041 1312 1114 1356 usos
1144 1290 1340 1358 rhoetea

228 1389 302 1477 jure
324 1391 440 1479 populi,
463 1389 512 1457 cui
539 1384 717 1470 αὑτονομία
734 1389 912 1467 deberetur,
933 1410 975 1455 ue
1001 1389 1035 1455 id
1057 1389 1183 1476 quidem
1205 1392 1339 1457 firmum.

233 1489 318 1556 Nam
341 1491 364 1557 J
367 1489 447 1557 udoei
462 1490 596 1578 primum
619 1513 640 1557 a
661 1490 969 1556 Nabuchodonosore
985 1488 1100 1557 devicti
1116 1490 1192 1578 jure
1208 1491 1283 1559 belli
1299 1513 1341 1559 ex

235 1590 345 1657 eodem
367 1589 441 1677 jure
467 1591 695 1658 successoribus
722 1589 942 1658 Chaldaeorum
967 1589 1071 1656 Medis
1096 1599 1130 1658 et
1155 1591 1264 1659 Persis
1288 1613 1340 1681 pen

233 1700 385 1758 ruerant:
418 1712 551 1778 quorum
574 1696 695 1758 utoturn
724 1690 890 1778 imperium
916 1691 959 1756 ud
981 1690 1173 1757 Macedones
1204 1692 1339 1761 devenit

232 1790 317 1858 Hinc
332 1791 439 1858 Judaei
452 1791 563 1859 Tacito
580 1801 740 1869 vocantur,
768 1794 858 1858 Dum
875 1790 1030 1878 Assyrios
1045 1814 1146 1878 penes
1162 1795 1340 1882 Medosque

231 1903 263 1958 et
280 1892 403 1961 Persas
418 1894 617 1980 orteaefuit,
633 1895 798 1960 uilissima
808 1915 896 1979 pare
910 1893 1128 1959 sevientium.
1171 1893 1242 1960 Neo
1257 1894 1340 1982 quio·

232 2013 327 2079 quam
349 1993 391 2060 ab
414 1990 595 2061 Alexandro
618 1993 746 2080 ejusque
770 1992 999 2059 successoribus
1015 1991 1157 2080 stipulati
1178 2001 1264 2073 sunt,
1285 1993 1340 2061 sed

230 2091 298 2159 sine
320 2093 384 2160 ulls
408 2093 585 2161 conditione
610 2093 643 2159 in
670 2116 779 2161 eorum
799 2091 949 2160 ditionem
973 2101 1138 2172 venerunt,
1164 2091 1247 2161 sicut
1267 2104 1341 2162 autc

229 2192 288 2260 sub
305 2192 422 2261 ditione
438 2194 530 2259 Darii
547 2194 682 2260 fuerant
735 2192 828 2273 Quod
850 2192 877 2259 si
900 2201 933 2260 et
954 2193 1060 2261 Judoei
1083 2192 1243 2261 interdum
1262 2194 1341 2262 ritus

230 2314 303 2360 suos
323 2302 357 2360 et
375 2293 462 2384 leges
487 2292 590 2381 pelam
608 2315 756 2359 exercere
772 2292 915 2381 permissi
935 2302 1018 2374 sunt,
1039 2293 1072 2360 id
1090 2293 1151 2361 tuit
1171 2317 1213 2361 ex
1229 2317 1339 2386 regum

232 2392 382 2460 beneficio
400 2393 453 2481 jus
474 2392 660 2481 precarium,
684 2414 747 2458 non
770 2414 811 2459 ex
836 2393 908 2482 lege
934 2394 1039 2482 aliqua
1065 2393 1198 2482 imperio
1220 2396 1338 2463 addita

228 2492 319 2559 Nihil
335 2515 412 2584 ergo
426 2501 474 2560 est
490 2493 574 2580 quod
592 2493 787 2559 Maooabaeos
807 2501 934 2560 tuentur
951 2503 1070 2582 prester
1093 2515 1253 2562 summum
1275 2518 1339 2564 eeu-2

273 2655 386 2703 'Totum
411 2653 535 2714 imperium
557 2652 592 2699 ad
610 2652 759 2701 Macedonas
807 2669 916 2716 cs,quan
930 2656 998 2704 Deus
1009 2656 1035 2703 in
1048 2657 1117 2718 requi
1129 2657 1186 2706 aeda
1199 2659 1340 2708 munit!

228 2728 664 2790 deuenit]Justinus,libroxxxv1.
696 2729 757 2775 Prr'·
808 2730 1076 2791 [emanauerit.
1090 2747 1143 2794 cup.
1155 2736 1195 2792 11,
1210 2734 1257 2797 ⁵²·
1288 2735 1337 2783 Ve-

118 2823 122 2831 ·
227 2804 759 2853 rausXerxesreeranchudoeosdomuit
806 2817 860 2851 rum
878 2806 912 2852 ibi
927 2808 968 2867 qni
982 2807 1097 2868 loquitur,
1113 2822 1163 2855 non
1181 2815 1220 2856 eat
1236 2808 1338 2869 daubus,

223 2887 367 2944 phaeacum
374 2882 433 2942 ipsis
442 2880 527 2927 Persis
534 2880 674 2926 inditionem
681 2881 758 2927 Ater·
807 2881 849 2927 sed
866 2883 940 2929 truter
956 2882 1007 2944 ejus
1024 2882 1126 2942 numu,
1142 2883 1256 2948 Treruj·
1269 2886 1338 2934 finus

227 2957 302 3005 andri
311 2958 392 3018 maort
406 2970 494 3015 cenae,
504 2956 592 3016 diuque
606 2957 631 3001 ιἰι
642 2962 759 3015 potestate
806 2956 836 3003 J.
847 2957 890 3017 B.]

226 3032 381 3081 Macedonici
390 3033 484 3094 imperii
492 3032 590 3090 subjecti
600 3033 676 3091 syrte
686 3046 758 3093 roano
850 3040 861 3077 ἰ
876 3033 992 3082 oberatos
994 3035 1070 3097 plena
1080 3035 1217 3085 autam
1225 3039 1338 3087 unctio

220 3110 302 3172 suere.
332 3111 355 3157 A
375 3108 497 3156 Denutrio
522 3122 575 3155 cum
600 3108 758 3166 descivissent,
806 3109 982 3170 mandatorum]
1007 3110 1132 3172 Josephua
1165 3113 1198 3160 da
1219 3113 1336 3163 Darae:

227 3185 336 3234 amicitia
348 3186 510 3232 Romanorum
520 3185 606 3244 petita,
616 3184 694 3244 primi
708 3199 757 3230 om·
805 3184 965 3244 μετανοήσας
985 3185 1005 3233 δ’
1027 3185 1102 3244 cibis,
1120 3189 1149 3234 οὐ
1169 3189 1270 3238 δίκαιον
1283 3191 1337 3238 εἶτα

227 3263 292 3308 nium
305 3276 335 3308 ea
349 3260 503 3306 orientalibus
518 3260 650 3306 libertatem
665 3273 756 3320 recepe·
806 3263 921 3320 φονεύειν
940 3261 988 3310 τόν
1009 3261 1100 3310 ἑαυτοῦ
1125 3264 1271 3322 ianime·
1293 3267 1339 3315 Sea

226 3342 288 3394 runt,
288 3335 368 3398 facite
378 3339 432 3381 tuac
439 3335 555 3381 Romanis
569 3335 599 3380 de
613 3334 691 3381 aiierro
705 3334 757 3381 lar·
805 3339 886 3384 atatim
892 3339 1041 3398 paenitudine
1050 3340 1141 3398 ductus,
1150 3341 1337 3408 injutunsaci·

226 3413 350 3475 aientibus.
372 3411 449 3472 (cop.
460 3412 499 3469 3.)
805 3428 850 3460 aaa
864 3429 912 3461 ease
926 3415 998 3471 dicit,
1008 3415 1127 3464 dominum
1140 3432 1210 3466 suun
1223 3422 1337 3470 accidere.

272 3488 354 3535 ΙΝοιι
374 3487 410 3532 ita
431 3486 557 3534 tolluntur.
595 3485 711 3534 Dicemus
730 3486 756 3534 iu
805 3491 873 3545 (Lib.
893 3504 928 3539 vr.
947 3505 968 3539 c.
988 3494 1024 3551 tu,
1040 3492 1054 3554 5
1071 3494 1112 3551 4).
1143 3494 1178 3542 Et
1196 3504 1272 3558 post:
1290 3501 1337 3546 'tir

226 3565 450 3615 Kamoulianai
462 3565 622 3611 nunciorum.
653 3565 720 3612 J.B.
805 3566 855 3613 ὑπὸ
875 3567 921 3614 τοῦ
942 3569 1005 3615 Oroi
1027 3573 1270 3631 κεχειροτονημένον
1291 3576 1337 3634 βα.

269 3650 283 3676 ¹
298 3642 412 3704 Principi
422 3644 446 3689 ia
457 3641 604 3702 populatae
621 3655 667 3686 non
682 3641 754 3688 maie·
805 3642 880 3690 αιλέα
896 3643 974 3690 δεινὸν
986 3643 1137 3692 ἀποκτείναι
1156 3646 1206 3707 κᾷν
1224 3647 1243 3710 ἦ
1262 3669 1337 3707 ‘mt-

225 3719 302 3781 dicea]
324 3720 417 3767 Joubus
427 3718 527 3765 Semciae
537 3717 756 3777 spudJosephum:
804 3719 859 3778 ρόι·
874 3719 943 3778 ἥξειν
958 3718 1009 3779 γάρ
1025 3720 1095 3781 αὐτῷ
1109 3722 1182 3782 παρα
1195 3725 1246 3771 τοῦ
1260 3727 1338 3775 διδόν.

226 3798 254 3844 οὐ
264 3797 373 3858 τεθνήξῃ
384 3794 575 3856 βλασφημήσας
585 3794 632 3838 τὸν
644 3793 692 3838 ὑπὸ
707 3794 755 3838 τοῦ
805 3794 904 3848 aosrriu
915 3795 994 3849 δίκην.
1003 3794 1337 3866 ΙΙονέειιάαοι,να9οιι9ιω.

225 3874 289 3919 Orod
308 3870 504 3918 κατασταθέντα
530 3868 691 3928 {deotheriam
716 3868 755 3914 An
804 3872 841 3918 uit
856 3872 943 3917 malum
961 3872 1107 3932 interficere:
1120 3890 1218 3936 ρωποι
1235 3882 1297 3931 enin
1312 3885 1339 3932 id

224 3964 270 3996 non
286 3949 419 4005 morereris,
433 3946 475 4008 qai
493 3947 516 3993 ei
529 3944 669 3991 matedicere
683 3959 755 3991 ausus
796 3947 903 4006 facienti
916 3948 1034 3995 imminere
1046 3949 1077 3995 ab
1087 3963 1114 3996 eo
1124 3953 1168 4012 qui
1177 3967 1258 4016 “9⁶⁸
1267 3958 1338 4008 dean,

283 4173 300 4223 5
326 4167 365 4223 So
383 4165 432 4222 tho
450 4167 617 4222 Maccabeos
636 4184 710 4223 were
732 4173 783 4223 not
800 4167 927 4239 justified
949 4164 988 4239 by
1008 4167 1057 4225 the
1072 4169 1191 4241 general
1211 4171 1293 4245 right
1307 4171 1341 4229 oi

223 4256 393 4320 resistance;
412 4255 457 4308 ior
477 4254 632 4309 Antiochus
655 4272 710 4310 aas
727 4256 803 4326 king,
819 4255 874 4309 and
895 4254 962 4326 thoy
981 4254 1038 4310 hod
1057 4272 1095 4310 ne
1115 4256 1191 4328 legul
1209 4259 1290 4331 right
1309 4259 1342 4315 oi

223 4342 385 4400 resistanco.
414 4342 494 4415 They
505 4359 578 4396 were
591 4343 716 4412 justified
729 4343 767 4415 by
782 4351 908 4399 extreme
921 4343 1035 4414 danger.

280 4433 298 4486 6
324 4428 389 4484 And
404 4445 475 4486 oren
493 4430 523 4483 in
540 4428 610 4484 such
632 4445 649 4485 α
668 4447 740 4498 caso,
756 4430 805 4487 the
819 4447 923 4505 person
941 4430 974 4488 of
994 4430 1043 4488 the
1061 4429 1130 4503 king
1147 4428 1173 4488 is
1194 4435 1227 4490 to
1242 4432 1282 4495 bo
1295 4450 1342 4494 ra·
