2774 4854
228 229 292 295 166
539 239 593 295 ΒΕ
616 238 740 296 BELLO
764 237 1021 296 SUBDITORUM
1229 231 1335 306 [Leni

302 408 346 475 ll.
400 409 419 475 1
455 408 499 476 Et
517 407 705 476 naturaliter
728 407 853 496 quidem
877 430 984 475 omnes
1004 404 1045 473 ad
1068 401 1239 472 arcendam
1263 425 1284 470 a
1305 426 1337 471 sc

231 507 376 596 injuriam
395 508 448 597 jus
468 509 587 576 habeut
603 509 778 587 resistendi,
801 518 953 596 utsupra
974 507 1117 574 diximus
1171 503 1237 570 Sed
1257 503 1337 572 cirili

227 609 376 677 societate
392 609 434 675 ed
451 608 599 675 tuendum
616 610 771 696 publicam
787 609 1046 698 tranquillitatem
1059 603 1213 682 institute,
1231 603 1337 672 statim

229 708 348 777 ciuitati
360 709 414 797 jus
430 709 587 795 quoddam
601 709 701 797 majus
718 711 750 776 iu
766 733 823 777 nos
840 720 873 778 et
889 719 997 777 nostru
1013 707 1161 783 nascitur,
1183 708 1337 793 quatenus

228 809 271 876 ad
295 810 388 876 finem
403 809 490 875 illum
512 809 546 875 id
567 811 774 877 necessarium
793 820 848 878 est.
901 813 1010 877 Potest
1031 806 1132 898 igitur
1152 806 1265 874 civitas
1286 805 1336 894 jus

229 908 307 977 illud
334 909 500 976 resistendi
526 908 734 996 promiscuum
763 911 897 1000 publicae
920 911 1005 999 pacis
1033 919 1066 977 et
1095 907 1216 976 ordinis
1244 929 1337 974 causa

229 1008 416 1098 prohibere:
442 1009 485 1075 Et
505 1009 580 1098 quin
602 1011 744 1088 uoluerit,
771 1012 978 1079 dubitandum
993 1033 1056 1077 nou
1072 1019 1130 1086 cst,
1156 1031 1227 1076 eum
1245 1008 1336 1076 aliter

228 1130 293 1176 uon
321 1118 428 1200 posset
455 1110 548 1176 finem
576 1134 664 1178 suum
691 1112 857 1200 consequi:
893 1113 982 1178 ¹nam
1007 1111 1033 1177 si
1053 1115 1180 1176 maneat
1207 1108 1335 1198 promis·

229 1231 319 1278 cuum
335 1210 413 1278 illud
437 1211 603 1279 resistendi
623 1212 686 1299 jus,
713 1236 775 1278 non
795 1213 863 1300 jam
886 1211 1022 1279 civitatis
1035 1211 1106 1290 erit,
1131 1209 1188 1278 sed
1213 1209 1336 1287 dissoci-

61 1321 210 1411 {wlff
228 1321 284 1379 uta
298 1312 475 1390 multitudo,
501 1312 601 1401 qualis
617 1313 671 1379 illa
689 1314 884 1404 Cyclopumr

708 1448 863 1522 Θιμιστιῦιι
878 1448 901 1506 δ’
917 1448 1028 1506 ἕκαστοι·

533 1537 639 1594 fluidus
652 1534 693 1607 ἧδ’
709 1536 821 1609 diliger.

706 1641 785 1697 Dant
800 1639 964 1713 conjugibus
975 1640 1023 1712 jus

534 1725 659 1801 Quisque
673 1729 731 1783 suis
745 1727 900 1800 sobolique.

62 1869 216 1920 amima„
446 1842 578 1915 Nepddes·
599 1844 685 1901 droise
707 1844 730 1902 δ’
752 1845 828 1901 otidis
849 1846 933 1902 oibeis
954 1844 1066 1901 uideris.

61 1925 82 1956 '¹
94 1916 135 1956 ’ἢ
445 1929 589 1988 ‘confusa
603 1934 695 1997 turbu,
711 1951 795 1990 nemo
810 1933 859 1989 ubi
874 1934 955 1989 sudit
968 1933 1120 1989 neminem.

64 2086 216 2129 ιιιισιιιιι
231 2068 274 2135 Et
308 2064 527 2157 Aboriginum,
568 2067 622 2154 qui
655 2067 801 2134 Sallustio
833 2067 989 2146 tradente,
1034 2087 1135 2156 genus
1176 2064 1337 2132 hominum

230 2178 367 2258 agreste,
384 2167 450 2234 siue
467 2167 642 2257 legibus,
618 2190 685 2234 erne
701 2167 842 2283 imperio,
860 2167 992 2233 liberum
1008 2176 1105 2254 atque
1121 2164 1280 2233 solutum:
1306 2172 1339 2231 et

63 2291 164 2388 ffira
230 2269 316 2385 apud
333 2268 465 2344 cundem
482 2268 543 2333 alio
558 2267 625 2334 loco
643 2268 758 2346 Getuli,
785 2267 838 2355 qui
854 2289 957 2355 neque
973 2267 1121 2345 moribus,
1145 2287 1250 2355 neque
1267 2265 1338 2356 iege

230 2378 288 2437 sut
302 2368 432 2457 imperio
445 2368 626 2455 cujusquam
643 2369 845 2458 regebantur.

307 2471 329 2535 2
365 2469 425 2548 Ita,
452 2477 488 2535 ut
505 2468 580 2545 dixi,
606 2469 725 2535 habent
745 2490 846 2534 mores
871 2466 1008 2533 omnium
1024 2465 1207 2533 civitatum:
1235 2467 1339 2533 Gene-

22 2561 28 2571 ’
62 2601 152 2650 «ιιι,
160 2601 189 2642 ιι
198 2603 215 2642 ιι
230 2571 303 2635 eale
316 2581 455 2655 pactum
476 2583 522 2635 cst
539 2570 704 2636 societatis
720 2572 881 2648 Ιιιιιιιαιιιι,
908 2567 1010 2654 inquit
1023 2566 1231 2656 Augustinus,
1252 2569 1339 2652 regi-

62 2693 210 2791 mppr«.
230 2671 288 2737 bue
305 2671 442 2737 obedire.
495 2669 688 2758 AEschylus:

272 2829 281 2860 ¹
297 2830 503 2892 Distinguendum
514 2830 569 2877 heic
578 2829 664 2878 inter
654 2831 759 2890 injurias
807 2831 922 2892 postulat,
938 2835 1033 2878 tentum
1048 2831 1118 2878 sbsst
1132 2834 1162 2878 ut
1176 2835 1252 2880 vetet.
1285 2834 1341 2890 Qus

227 2907 313 2954 dubiae
324 2912 368 2954 erut
382 2906 524 2964 tolerabiles,
535 2911 561 2953 et
576 2908 715 2968 merrisrstus
728 2921 759 2953 uc
807 2909 838 2954 de
848 2922 873 2954 re
884 2909 978 2969 plenius
991 2910 1097 2955 dicemus
1110 2907 1135 2955 iu
1147 2910 1237 2957 nostris
1247 2912 1280 2957 ad
1295 2913 1342 2960 hoc

227 2982 398 3029 intolerandas.
415 2982 477 3037 Qum
488 2981 574 3042 prioris
583 2983 679 3041 generis
691 2987 757 3035 sunt,
809 2983 890 3044 Caput
909 2982 981 3030 Notis
1000 2983 1108 3031 Gallicis.
1138 2983 1201 3031 Huic
1217 2988 1342 3034 monuisse

226 3071 267 3104 ess
287 3058 339 3118 peti
359 3058 460 3117 quisque
481 3057 562 3115 debet,
585 3070 632 3101 non
657 3063 757 3116 propter
806 3059 916 3106 sufficiet.
939 3059 974 3110 J.
984 3059 1017 3108 B.

226 3131 372 3191 Principem,
393 3131 435 3190 qul
459 3144 489 3175 ns
513 3131 609 3190 quidem
634 3130 756 3176 minimam
851 3133 1148 3195 tconfmaeurbafflemo
1161 3135 1285 3185 uitandi}
1300 3153 1342 3186 ne-

226 3206 606 3268 injurisminierendijushabet,
618 3207 660 3252 sed
674 3221 704 3252 ne
717 3221 755 3253 so·
806 3209 899 3269 minem]
921 3209 961 3257 De
975 3211 1101 3270 Bebryciis
1118 3211 1210 3257 similia
1226 3215 1343 3273 prodidit

226 3283 300 3330 metas
317 3282 392 3328 uirilis
406 3283 525 3329 turbetur.
557 3282 700 3329 Posterioris
711 3299 755 3330 ιιιι-
807 3284 918 3331 Valerius
934 3287 1039 3346 (Areon.
1050 3299 1085 3332 nv.
1098 3286 1169 3345 lim:

226 3358 276 3400 tem
286 3354 382 3414 generis
398 3352 529 3413 nemopati
546 3358 651 3406 tenetur.
668 3369 755 3415 casque
975 3393 1017 3421 „on
990 3383 1181 3432 omnm„

225 3429 383 3491 repelliunis
377 3443 428 3490 lpse
436 3429 559 3476 civitatum
570 3430 754 3478 constitutarum
806 3443 856 3485 mu
864 3445 941 3494 colunt,
951 3446 1040 3496 placidas
1047 3453 1085 3488 sut
1093 3450 1143 3498 turs
1150 3452 1244 3492 aomos
1250 3457 1340 3496 mutes

546 3561 824 3570 w———qn—
848 3563 932 3571 ..ι-,η
935 3563 1020 3570 —u-

281 3652 320 3708 11.
349 3658 362 3707 l
382 3653 427 3726 By
440 3653 563 3709 Natural
574 3654 649 3718 Lau,
662 3651 700 3706 all
714 3652 786 3707 haro
799 3652 847 3708 the
860 3653 948 3722 ltight
957 3653 991 3709 of
1002 3653 1140 3725 repelling
1150 3671 1255 3728 wrong.
1280 3657 1341 3714 But

227 3740 292 3795 civil
306 3741 413 3812 society
433 3741 518 3813 being
540 3740 688 3795 instituted
711 3748 739 3793 to
756 3757 853 3794 securo
868 3741 964 3813 public
985 3742 1169 3814 tranquillity,
1184 3743 1235 3798 the
1255 3743 1340 3802 State

227 3828 383 3899 acquiresa
402 3829 538 3899 Superior
551 3827 638 3898 llight
657 3844 723 3880 orer
738 3843 770 3879 us
783 3827 838 3879 and
852 3845 926 3890 oues,
937 3845 966 3882 as
982 3828 1026 3883 sar
1041 3845 1071 3881 us
1089 3829 1111 3882 is
1128 3845 1279 3903 necessary
1292 3834 1341 3888 for

180 3912 367 4012 xlthatend
402 3915 622 3970 Thereiorotbo
639 3914 798 3968 Staienum
837 3914 1086 3968 rolribitthato
1055 3916 1336 3992 romjfflmflffight

211 3999 261 4052 os
272 4000 410 4062 resistinc,
385 4001 471 4054 osor
484 4001 532 4057 thu
538 3999 1339 4074 satQublrfflucu„u1Qmee,mnanbe

117 4105 120 4113 ’
205 4025 584 4186 jpffiffid‘bo‘lmv‘ess
525 4087 658 4141 intended
681 4087 743 4150 this,
759 4089 834 4142 since
856 4090 879 4143 it
898 4098 1002 4143 cannot
1016 4088 1165 4145 otherwise
1185 4093 1277 4146 uttain
1299 4094 1338 4148 its

112 4180 114 4189 '
200 4173 292 4243 gend.
340 4173 370 4228 1f
380 4172 434 4227 thas
447 4174 619 4248 prohibition
633 4174 699 4226 cloes
713 4183 762 4229 not
778 4177 860 4247 cust
873 4174 973 4230 theru
966 4195 988 4230 rs
1000 4194 1037 4230 no
1051 4177 1140 4242 State
1157 4178 1211 4232 but
1190 4178 1339 4250 amigl-

198 4252 474 4316 'titudeuitboutt
543 4262 548 4272 “
636 4262 749 4333 sciety.
790 4263 829 4317 So
850 4263 899 4317 tho
925 4240 1108 4334 Ouelopsarc
1128 4264 1275 4319 described
1297 4265 1339 4336 by

227 4347 240 4400 1
257 4365 336 4402 omer
346 4349 575 4420 andEuripides3
587 4365 618 4402 so
629 4347 677 4402 the
691 4345 907 4422 [hypothetical]
920 4350 1095 4422 Aborigines,
1105 4350 1161 4404 and
1171 4350 1221 4405 the
1230 4350 1341 4418 (tetuli,

226 4431 265 4506 by
278 4434 393 4491 Sallust.
435 4431 503 4507 [See
522 4435 571 4492 tho
585 4431 766 4506 references]
