2774 4854
192 242 257 308 148
490 249 607 307 natm
627 246 813 306 PARTITIO
834 246 1005 304 DUPIAEX.
1190 245 1307 318 [lami.

192 440 266 485 nam
288 424 322 486 ot
346 415 380 485 in
399 416 579 494 Germania,
602 425 635 484 et
660 417 692 482 in
719 414 822 483 Gallis
843 422 911 482 tum
932 433 1027 504 reges
1051 419 1154 489 erant,
1175 410 1244 489 sod,
1267 420 1307 480 ut

27 533 129 574 ‘tera-¹¹·
192 517 276 585 idom
292 517 420 585 Tacitus
436 527 535 597 notat,
556 516 698 606 precario
712 516 786 604 jure
802 514 957 605 regnandi
974 523 1007 580 et
1023 509 1212 580 auctoritato
1233 533 1308 578 sua·

93 693 96 699 ,
193 617 299 696 dendi,
311 640 373 684 non
386 617 518 706 jubendi
534 627 700 706 potestate.

266 720 287 784 2
318 719 424 806 Supra
457 739 581 805 quoque
606 715 792 793 notavimus,
826 725 926 783 totum
953 711 1101 802 populum
1126 708 1308 778 Hebraeum

192 815 288 884 fnisse
304 818 363 884 sub
379 839 475 907 rege:
495 828 528 884 et
545 818 672 884 Samuel
684 816 737 902 jus
752 838 862 906 regum
880 815 1057 882 describens
1071 809 1148 879 satis
1164 811 1308 879 ostendit

192 916 347 982 adversus
361 918 449 1007 regis
469 916 600 1002 injurias
616 917 732 983 nnllam
753 916 787 981 in
801 915 916 1004 populo
938 915 1079 991 relietam
1093 920 1306 1000 potestatems

193 1015 278 1102 quod
294 1024 381 1083 recto
398 1014 547 1104 eolligunt
560 1027 682 1082 veteres
699 1039 740 1082 ox
754 1015 806 1081 illo
821 1013 956 1082 Psalmi:
982 1016 1062 1080 Tibi
1072 1014 1135 1081 soli
1145 1017 1307 1098 peccavi.-

192 1114 236 1181 sd
249 1135 343 1201 quem
359 1114 460 1181 locum
478 1116 708 1204 Hieronymus:
734 1117 851 1196 3ριιοιῑ
867 1138 925 1181 reo
947 1126 1029 1191 erat,
1047 1127 1078 1180 et
1092 1115 1220 1179 'olium
1239 1136 1307 1180 non

28 1220 174 1307 mm
194 1216 337 1282 timebat.
389 1215 434 1281 Et
450 1216 652 1282 Ambrosius:
678 1219 750 1282 Iler
767 1228 849 1290 erat,
866 1215 971 1280 sarcitis
987 1215 1056 1299 ipse
1074 1216 1200 1300 leqibus
1218 1226 1307 1280 tene

194 1317 303 1395 batur,
322 1319 405 1399 quia
423 1317 519 1382 liberi
539 1327 614 1381 serrat
632 1338 721 1399 reqes
738 1338 761 1379 a
778 1315 922 1382 vinculis
938 1314 1138 1379 delictorum.
1188 1315 1308 1397 Neque

193 1417 279 1483 enim
301 1416 382 1482 ollio
398 1419 445 1481 ad
455 1437 590 1502 poenam
610 1427 772 1481 vocantur
792 1415 923 1500 teqibsss,
941 1404 1031 1479 ”soei
1050 1413 1185 1498 imperii
1195 1425 1308 1497 potes·

194 1526 283 1580 tate:
299 1515 425 1580 bomini
441 1537 515 1600 erqo
536 1517 772 1599 morspecensis,
791 1515 846 1579 eni
865 1512 1116 1577 conterebatur
1136 1511 1305 1578 obnoxius.

193 1612 283 1678 Idem
302 1611 410 1700 legere
428 1623 477 1679 est
499 1612 583 1701 apud
607 1613 759 1678 Isidorum
783 1611 970 1677 Pelusiotam
990 1609 1123 1698 epistola
1143 1622 1307 1697 postremo

193 1711 280 1778 edita
307 1731 512 1778 occanum.
557 1712 659 1780 Video
686 1712 860 1778 consentire
889 1710 1052 1786 Hebraeos,
1082 1709 1170 1798 ⁴regi
1193 1709 1226 1775 in
1250 1733 1308 1776 eas

192 1810 280 1900 loges
305 1832 377 1899 quae
401 1811 441 1878 de
465 1810 562 1877 officio
587 1811 673 1899 regis
694 1811 818 1899 scriptae
841 1798 1008 1876 exstabant
1029 1808 1171 1897 peccanti
1185 1809 1308 1877 inflibta

193 1910 346 1977 verbera:
366 1911 423 1978 sed
439 1933 478 1977 ea
493 1911 579 1998 apud
596 1911 665 1976 illos
681 1909 808 1976 infamia
824 1911 985 1985 carebant,
1008 1918 1041 1975 et
1056 1930 1076 1975 a
1094 1930 1173 1998 rege
1189 1909 1225 1976 in
1240 1910 1307 2000 sig·

193 2031 268 2076 num
290 2009 483 2096 peonitentia»
504 2021 614 2097 sponte
630 2008 887 2096 suscipiebantur,
911 2009 1044 2095 ideoque
1060 2030 1124 2074 non
1144 2030 1166 2075 a
1181 2009 1305 2089 lictore,

192 2109 250 2175 sed
263 2109 305 2174 ab
322 2130 369 2187 eo,
393 2130 485 2196 quem
500 2109 627 2198 legisset
644 2109 720 2195 ipsc,
745 2108 934 2185 cedebatur,
957 2116 991 2174 et
1004 2130 1061 2173 suo
1080 2107 1214 2175 arbitrio
1232 2132 1308 2175 rer-

192 2207 320 2275 beribns
336 2209 495 2276 statuebat
507 2207 642 2274 modum.
676 2208 819 2294 Apoenis
835 2217 940 2273 autem
957 2206 1104 2273 coactivis
1115 2206 1196 2274 adeo
1212 2208 1307 2276 liberi

26 2326 175 2418 fflffi'ff'
193 2314 285 2374 erant
300 2329 402 2397 reges,
423 2318 460 2373 ut
476 2307 571 2373 etiam
586 2306 821 2372 excalceationis
835 2305 898 2383 lox,
912 2306 1028 2393 quippe
1044 2328 1114 2372 eum
1131 2305 1307 2395 ignominia

111 2400 166 2413 ”’
192 2406 365 2494 conjuncta,
390 2407 422 2473 in
442 2407 517 2494 ipsis
538 2416 682 2473 cessaret.
737 2406 867 2472 Hebraei
893 2405 1122 2472 Barnachmoai
1147 2409 1307 2477 sententia

193 2514 297 2573 exstat
313 2506 346 2572 in
363 2505 454 2573 dictis
471 2505 695 2581 Rabbinorum,
712 2505 803 2572 titulo
817 2505 857 2571 do
873 2506 894 2571 J
897 2504 1056 2572 udicibus:
1082 2507 1193 2573 Nulla
1210 2530 1306 2576 erea-

193 2619 272 2675 tura
280 2607 416 2692 judicat
432 2628 547 2692 repent,
564 2608 621 2671 sect
637 2608 728 2672 Dens
745 2607 936 2671 benecdictum.

224 2714 227 2720 '
267 2707 289 2771 3
325 2706 407 2772 Haec
427 2704 559 2771 comita
578 2703 650 2779 sint,
676 2715 779 2770 tnmen
794 2704 899 2790 aliqua
917 2702 1035 2790 judicia
1058 2704 1199 2771 arbitror
1218 2708 1307 2796 regi-

193 2804 253 2870 bus
276 2802 412 2881 ademta,
436 2803 585 2870 mansisse
610 2826 705 2890 penes
731 2803 919 2889 Synedrium
946 2803 1049 2871 Lxx.
1076 2804 1190 2881 sirum,
1217 2807 1306 2892 quod

194 2902 300 2971 divino
315 2902 445 2991 imperio
462 2925 482 2970 a
499 2905 588 2969 Mose
601 2903 774 2968 institutum
788 2902 829 2966 ad
842 2902 976 2967 Herodis
989 2914 1131 2991 tempora
1147 2915 1307 2993 perpetua

28 2996 181 3085 ffiffiffi
194 3003 409 3099 ⁸cooptatioue
432 3002 567 3069 durarit.
616 3004 726 3088 Itaque
742 3011 775 3066 et
792 3002 895 3066 Moses
910 3010 944 3067 et
960 3002 1064 3069 David
1077 3003 1200 3090 judices
1216 3006 1307 3073 Deos

192 3178 282 3227 ἅπλόε
296 3181 350 3226 τῶν
366 3179 430 3240 πρὸς
444 3178 476 3225 ‘s'ee
492 3179 533 3226 xci
549 3179 612 3236 πρὸς
626 3193 721 3236 pesam·
795 3174 1283 3222 uonuetrmorommuoetmemtmssooeos:

192 3254 268 3314 pipios
275 3253 420 3314 βαρβάρων,
430 3254 471 3302 esui
482 3254 530 3300 ὅσα
536 3253 585 3299 ersis
590 3252 723 3310 βασιλείας
794 3239 897 3277 ‘mm‘
905 3239 1013 3277 minum
1021 3250 1058 3279 ¹¹⁰⁹
1066 3245 1087 3279 ¹⁰
1095 3242 1223 3289 Poeffimm
1230 3254 1282 3284 Μ·

192 3330 285 3390 ἀγαπᾷ
317 3331 457 3389 κεκτημένα
490 3326 722 3384 δεσποτικωτέρας·
817 3326 1308 3392 ⁸Niltnlehabetllierenymnainhnno

196 3405 263 3466 Quid
276 3405 321 3451 tibi
328 3405 383 3462 jum
396 3405 534 3464 sinquiatim
549 3418 665 3462 exsequar
680 3407 722 3448 aut
771 3403 867 3462 quidem
873 3403 996 3450 Psalmli.
1006 3404 1100 3450 leoum:
1115 3407 1159 3452 sed
1168 3407 1308 3456 alibivide

195 3480 366 3530 Gennanorum
381 3480 500 3526 libertatis
515 3481 622 3525 amantia
637 3484 659 3524 et
677 3481 722 3524 im·
771 3479 896 3523 Ssnssssrr
909 3477 1025 3536 liupana
1034 3478 1172 3536 illiteratum,
1182 3495 1241 3543 pag.
1250 3486 1308 3534 205,

187 3556 309 3616 patientia
318 3555 376 3616 juqi
393 3555 497 3615 inqenia,
513 3559 554 3599 ast
575 3559 657 3600 eeistra
678 3553 721 3598 sic-
771 3559 792 3597 et
802 3567 866 3612 seqq.
883 3553 923 3597 ubi
939 3554 1020 3611 plures
1035 3553 1095 3598 alios
1111 3554 1196 3600 Patres
1211 3556 1308 3615 haunt,

192 3629 248 3675 siles
257 3628 353 3674 ires-ilem
363 3627 530 3687 mannmserre
541 3624 623 3684 Speos,
631 3625 722 3671 Persas
771 3628 806 3671 ita
821 3641 955 3685 perperam,
965 3640 1009 3672 suo
1025 3640 1099 3682 moro,
1113 3629 1188 3674 verbs
1203 3629 1309 3679 Doridis

191 3709 213 3749 et
224 3704 369 3759 Parmensi
379 3718 462 3759 omnes,
470 3702 512 3762 qui
522 3701 604 3746 arctati
611 3702 721 3745 orientem
771 3710 926 3763 exponentes.
944 3704 1015 3749 Circa
1025 3717 1074 3749 reni
1087 3704 1162 3763 ipsam
1174 3705 1227 3752 ride
1237 3708 1308 3755 ntia.

191 3785 234 3825 aut
243 3779 278 3825 nd
286 3778 406 3825 meridiem
416 3783 477 3832 suunt,
491 3776 607 3822 barbaros
622 3776 720 3820 mnitas·
770 3779 980 3837 noxvr1,DeJi·ns.
992 3792 1039 3838 pre
1052 3779 1114 3836 Pop.
1128 3780 1226 3839 Anqtic.
1241 3782 1308 3845 Cap.

191 3867 236 3913 que
255 3859 332 3913 qentes
352 3854 417 3898 atias
435 3852 612 3898 contestarent
626 3851 722 3911 reqitas
770 3855 792 3908 2,
809 3867 865 3913 pag.
884 3867 916 3900 m.
936 3856 976 3900 8¹2.
1003 3862 1028 3900 et
1051 3855 1154 3901 Itnaon.
1176 3856 1309 3909 tinnitu.

190 3928 269 3973 mirere
278 3928 383 3973 dominos
392 3926 558 3973 imitantibus?
575 3927 664 3986 (Apud
672 3929 720 3987 Cy·
771 3930 917 3983 Scasuson,
939 3929 978 3975 De
989 3929 1052 3976 Jure
1061 3930 1168 3989 Imperii,
1189 3946 1232 3994 pp.
1251 3937 1308 3995 255,

190 4002 238 4047 riu.
253 4016 309 4061 pag.
322 4004 372 4047 183.
380 4001 431 4046 Ed.
443 4000 586 4059 Spunlrem.)
606 4002 720 4048 Claudia·
770 4003 821 4050 256.
846 4003 874 4049 J.
882 4003 915 4050 B.

190 4088 236 4120 nus
249 4074 355 4136 (Dell'.
369 4073 668 4134 Com.1!on.rers.306):
813 4086 824 4112 ¹
839 4078 920 4126 Atium
935 4094 981 4125 aon
999 4080 1106 4142 timebat]
1126 4082 1195 4130 Idem
1214 4083 1308 4133 Hiero·

255 4331 272 4379 2
297 4324 358 4378 Tho
371 4322 492 4377 llebrorr
506 4322 574 4394 king
586 4322 642 4379 had
655 4325 781 4397 poculiar
793 4328 954 4400 exceptione
966 4328 1041 4383 suom
1054 4328 1102 4385 tlro
1114 4329 1181 4384 lan:

255 4416 271 4466 3
296 4410 353 4465 Yet
364 4425 442 4464 some
457 4425 533 4465 casos
550 4427 622 4466 wore
635 4412 768 4468 rosersed
781 4421 811 4468 to
831 4413 879 4470 the
893 4415 1069 4471 Sanhedrim.
