2752 4844
387 543 789 640 LUDOVICO
835 549 961 641 XIII

185 820 506 871 custsrlaxlssmo
531 822 750 875 runxconuu
775 825 821 874 ΕΤ
845 825 1029 876 NAVABBAE
1055 828 1141 878 REGI

421 1040 592 1130 HUGO
644 1040 918 1131 GROTIUS.

532 1342 838 1355 *1*-

138 1576 288 1644 UDET
322 1576 379 1645 hie
410 1575 511 1653 liber,
543 1576 682 1664 Regum
712 1575 996 1655 eminentissime,
1032 1578 1149 1645 Tuum
1181 1579 1250 1647 sibi

168 1699 362 1783 augustum
389 1716 518 1762 nomen
547 1693 748 1772 inscribere,
774 1715 845 1762 uon
879 1693 943 1771 sui,
974 1715 1045 1760 non
1070 1695 1249 1774 Auctoris,

77 1810 145 1877 sed
171 1811 374 1899 argumenti
403 1810 541 1892 fiducia,
567 1832 631 1899 pro
656 1813 801 1878 Janiria
820 1809 949 1897 quippe
973 1811 1142 1898 scriptus:
1170 1834 1249 1898 quas

81 1928 193 1995 virtus
209 1929 302 1997 adeo
319 1928 399 1995 Tua
415 1933 481 2005 est,
497 1933 538 1994 ut
554 1927 637 1997 inde
655 1927 725 1995 tuis
742 1927 877 1995 meritis
893 1933 931 1994 ct
948 1925 1092 1994 humani
1107 1930 1249 2016 generis

83 2047 250 2135 suffragio
267 2045 508 2132 dignissimum
531 2050 634 2112 tanto
652 2045 752 2131 Rege
769 2052 1043 2132 cognomentum
1058 2046 1248 2134 acceperis,

85 2171 127 2228 ut
143 2165 218 2249 jam
242 2162 372 2250 ubique
394 2162 419 2229 J
422 2181 495 2227 osrr
517 2160 751 2249 appellatione
774 2182 846 2228 non
866 2160 980 2229 minus
1001 2184 1106 2247 qnam
1131 2162 1249 2232 Luno-

87 2300 152 2345 ner
177 2280 341 2351 noscaris.
395 2278 553 2367 Speciosi
578 2277 746 2345 Romanis
774 2277 934 2346 Ducibus
962 2279 1173 2348 videbantur
1202 2302 1249 2351 cx

91 2395 203 2474 Creta,
234 2396 413 2474 Numidia,
442 2395 575 2472 Africa,
603 2393 700 2471 Asia,
732 2393 878 2480 aliisque
905 2394 1053 2464 devictis
1081 2398 1248 2484 gentibus

92 2513 190 2579 tituli.
241 2515 292 2581 At
314 2518 449 2600 quanto
472 2512 589 2579 Tuum
608 2510 786 2589 illustrius,
804 2533 874 2597 quo
895 2511 1100 2599 significaris
1120 2515 1247 2584 nullius

96 2630 213 2717 populi,
241 2630 366 2699 nullius
395 2628 558 2709 hominis,
585 2628 650 2699 scd
677 2629 762 2715 ejus,
791 2628 887 2715 quod
915 2629 1082 2718 injustum
1110 2638 1175 2711 cst,
1207 2639 1247 2701 et

97 2743 193 2814 hostis
209 2747 349 2833 ubique,
367 2753 406 2816 et
420 2747 533 2814 victor
549 2747 716 2834 semper?
747 2745 917 2833 Magnum
931 2753 1101 2834 putarunt
1115 2750 1246 2837 AEgyp-

100 2861 133 2927 tii
158 2886 267 2951 reges,
296 2864 325 2931 si
352 2862 464 2951 patris
493 2862 561 2939 hic,
581 2862 704 2929 matris
730 2861 799 2942 ille,
826 2862 975 2930 fratrum
1006 2886 1127 2932 amaus
1156 2867 1244 2935 alius

42 3056 44 3063 Ι
102 2979 293 3050 dicerentur.
340 2982 393 3047 Aa
423 2977 600 3064 quantulae
629 2977 682 3046 hro
712 2985 832 3067 partes
863 2985 946 3047 sunt
980 2980 1049 3047 Tui
1084 2984 1244 3063 nominis,

104 3099 180 3179 quod
195 3122 264 3167 non
278 3099 347 3166 ista
361 3102 512 3178 tuntum,
529 3095 593 3163 sed
617 3097 783 3184 quicquid
801 3097 984 3186 pulchrum
1002 3105 1040 3165 et
1056 3098 1243 3169 honestum

105 3217 275 3303 excogitari
290 3223 418 3305 potest,
431 3214 565 3282 ambitu
582 3237 646 3282 sno
663 3216 928 3304 complectitur:
955 3216 978 3283 J
981 3238 1083 3285 ussus
1099 3240 1147 3294 es,
1162 3241 1242 3286 cum

107 3327 205 3417 llrgni
226 3356 329 3421 supra
351 3354 456 3401 omne
482 3332 519 3398 id
543 3330 639 3418 quod
666 3333 736 3399 ‹lici
762 3341 880 3421 potest
901 3334 1010 3420 Regis
1033 3336 1149 3404 Patris
1173 3337 1242 3404 'I'ui

111 3450 285 3515 memoriam
313 3448 465 3517 honoras
498 3449 611 3535 ipsum
644 3448 836 3517 imitando:
871 3450 895 3517 J
899 3472 1010 3529 ussus,
1045 3474 1124 3520 cum
1159 3455 1241 3521 Fra·

116 3570 184 3629 trun
202 3565 309 3634 modis
334 3566 505 3645 omnibus,
531 3567 596 3635 sed
622 3566 716 3632 nulla
742 3590 781 3635 re
808 3569 920 3655 magis
946 3592 1049 3654 quum
1078 3571 1241 3659 exemplo

121 3680 166 3742 tuo
191 3679 339 3753 instruis:
370 3683 508 3759 Jcsrrs,
543 3704 624 3750 cnm
658 3684 802 3751 Sorores
836 3684 979 3752 summis
1012 3687 1241 3755 matrimoniis

128 3810 218 3861 unns:
236 3799 365 3878 lessus,
383 3822 463 3868 cum
481 3797 635 3886 sepultas
653 3822 761 3886 prope
780 3800 876 3886 leges
894 3822 1048 3880 revocas,
1068 3808 1115 3880 et,
1134 3827 1240 3889 quau·

133 3916 185 3970 tun
197 3926 287 3995 potes,
302 3917 419 3986 ruenti
440 3917 477 3983 in
502 3916 601 4003 pejus
624 3916 744 3982 seculo
770 3922 880 3983 temet
904 3917 1071 4004 opponis:
1099 3921 1122 3988 J
1127 3943 1238 4000 csrcs,

138 4021 269 4096 edsimul
288 4034 545 4111 cremensem
570 4033 730 4109 subditis,
749 4056 835 4117 qnos
859 4051 929 4100 tnrc
954 4034 1122 4102 bonitatis
1140 4039 1239 4123 igno·

139 4142 261 4213 uruat
277 4152 376 4219 officii
396 4152 507 4218 limito
531 4157 746 4217 transversos
771 4159 903 4233 egerat,
922 4159 1050 4237 practer
1068 4158 1237 4239 peccandi

134 4241 263 4335 lurum
287 4268 368 4339 nihil
392 4269 530 4348 adimis,
551 4291 617 4338 ncc
637 4270 707 4337 vim
726 4269 844 4338 adfers
866 4269 990 4337 animis
1008 4269 1102 4338 circa
1122 4272 1238 4342 divina

1090 4400 1136 4464 62
