2774 4854
886 487 1032 556 CAPUT
1054 489 1095 556 V.

695 659 765 727 QUI
786 658 946 716 BELLUM
968 658 1097 714 nlclt'n
1121 654 1289 714 GERANT.
1376 689 1380 695 -

456 817 481 874 Ι.
525 815 600 873 Belli
621 831 717 872 eausas
737 816 872 887 effectrices
894 813 966 870 alius
1102 813 1318 869 ueretutbditos.

368 900 372 906 ’
522 920 574 959 esre
585 901 750 974 principales
762 903 792 956 iu
802 919 853 956 rua
865 918 913 957 re.-
1015 899 1067 957 IV.
1104 900 1296 972 h'aruroejuro
1306 897 1381 955 uenti

446 987 488 1044 11.
525 985 790 1060 Autaeijuueutrsiu
803 988 910 1042 alienat
1098 986 1244 1060 perehtheri.

435 1072 490 1129 111.
522 1072 603 1130 Atta
619 1074 842 1139 instrumentales,
862 1083 893 1128 ut
909 1091 965 1128 rer·

435 1208 463 1277 I·
588 1215 615 1282 Τ
641 1213 674 1282 in
701 1214 769 1281 nliis
792 1216 898 1291 rebus,
919 1215 965 1281 ita
985 1222 1018 1281 et
1044 1213 1076 1281 in
1096 1214 1265 1281 veluntatis
1287 1213 1384 1281 aetio·

612 1336 680 1380 esse
703 1314 803 1381 solent
824 1314 1018 1381 efficientium
1036 1335 1164 1402 genera,
1182 1312 1381 1402 principales,

438 1421 498 1492 tes,
514 1420 548 1480 et
568 1413 785 1481 instrumenta.
839 1413 941 1480 Causa
964 1414 1104 1479 effectrix
1121 1411 1301 1501 principalis
1326 1411 1360 1477 in

437 1534 570 1600 rumque
585 1520 634 1579 est
656 1511 694 1591 is,
718 1511 806 1600 cujus
825 1534 877 1578 res
900 1515 1025 1601 agitur:
1043 1513 1075 1577 in
1092 1512 1215 1600 privato
1233 1511 1376 1600 privatus

437 1612 497 1678 lieo
523 1601 663 1700 potestas
684 1612 816 1699 publiea,
834 1613 967 1678 maxime
984 1633 1113 1677 summa.
1166 1613 1218 1677 An
1240 1619 1273 1676 et
1292 1633 1351 1698 pro
1384 1643 1387 1666 ι

436 1711 635 1778 merentibus
664 1710 778 1777 bellum
806 1713 924 1777 mereri
958 1712 999 1778 nb
1031 1710 1093 1776 alie
1122 1709 1228 1799 possit,
1252 1710 1328 1778 alibi
1358 1733 1378 1777 ι

437 1810 522 1876 Illud
547 1810 673 1877 interim
695 1810 878 1887 tenebimus,
905 1809 1092 1877 naturaliter
1117 1831 1274 1898 quemque
1303 1809 1386 1899 snij

437 1908 612 1978 vindicem:
638 1909 709 1975 ideo
727 1933 836 1975 manus
852 1911 941 1976 nobis
959 1910 1052 1975 datm.

269 2027 401 2115 twa
511 2010 624 2076 11.1
658 2009 723 2077 Sed
748 2017 781 2076 et
802 2009 894 2075 alteri
920 2009 1069 2097 prodesse
1088 2029 1160 2095 quas
1176 2007 1329 2097 possimne
1345 2031 1382 2075 ιι·

271 2120 420 2206 meg?
438 2109 541 2188 modo,
554 2109 610 2177 sed
625 2117 658 2175 et
674 2109 837 2175 honestum
855 2117 912 2174 est
960 2110 1059 2174 Ileete
1081 2107 1195 2195 quide
1220 2107 1353 2174 officiis
1386 2150 1387 2162 ·

271 2213 411 2299 &3¹32
439 2209 538 2288 munt,
562 2209 640 2274 nihil
662 2230 730 2274 esse
752 2207 871 2274 homini
896 2208 1001 2273 utilius
1023 2207 1146 2273 homine
1172 2208 1281 2275 altero.
1335 2208 1381 2275 Su

270 2304 396 2389 illim
438 2309 563 2376 diversa
579 2308 738 2374 hominum
754 2307 836 2372 inter
857 2329 891 2373 se
915 2307 1045 2381 vincula,
1072 2329 1143 2393 quas
1167 2307 1209 2373 ud
1232 2316 1373 2373 mutuam

223 2392 230 2410 ’
272 2397 354 2446 ⁰ffi²²
438 2407 558 2476 ritant:
583 2429 655 2474 nam
679 2416 711 2474 et
732 2406 856 2496 cognati
881 2406 923 2471 ad
948 2427 1038 2493 opem
1059 2406 1219 2472 terendam
1242 2415 1367 2485 retunt,

437 2506 655 2586 inclamantur,
684 2516 718 2573 et
745 2507 798 2594 qui
820 2505 958 2593 ejusdem
988 2504 1124 2604 eivitatis
1151 2514 1224 2572 sunt
1249 2505 1384 2594 partieip

270 2624 369 2666 meter
437 2606 533 2676 illud:
556 2611 667 2675 Porro
689 2609 845 2688 Quirites,
869 2619 899 2672 et
924 2606 1092 2693 quiritnri.
1144 2605 1331 2672 Aristoteles
1347 2606 1379 2672 d'

268 2673 353 2714 m
436 2715 505 2775 tere
522 2728 677 2795 quemque
694 2715 749 2771 aut
766 2727 823 2794 pro
841 2726 874 2769 se
891 2726 980 2769 arma
998 2725 1132 2782 sumere,
1157 2704 1184 2770 si
1208 2703 1356 2792 injuriam
1385 2738 1387 2761 ι

480 2875 593 2937 moron]
613 2875 695 2923 Verba
710 2875 761 2922 hue
775 2873 920 2920 Plutnrrhns
929 2887 968 2921 re·
1016 2873 1129 2930 κοῦμινοι
1143 2872 1338 2933 προβάλλονται
1354 2893 1386 2923 κα

436 2953 486 3000 tert
508 2951 573 3013 (Vir.
590 2951 670 2999 Solon.
688 2967 712 3012 p,
728 2954 758 2997 88
775 2950 824 3008 n):
845 2952 897 2994 τῶν
917 2948 967 2993 πό·
1015 2947 1242 2995 τοὺςιὶδικοῦνται·
1259 2948 1366 2996 Ctrtrarn

436 3023 502 3070 λιων
521 3023 651 3070 κάλλιστα
669 3023 777 3067 οἰκεῖται
802 3021 882 3074 ἐκείνη
904 3021 930 3065 έν
951 3018 968 3082 ᾖ
1015 3025 1073 3069 sime
1088 3025 1184 3080 colitur,
1201 3026 1227 3070 iu
1243 3040 1292 3085 qun
1308 3028 1352 3086 qui
1372 3027 1378 3040 ’

437 3099 492 3146 τᾶν
503 3096 668 3157 ἀδικουμένων
682 3097 730 3156 οὐχ
740 3093 820 3151 ἦττον
829 3094 852 3141 ol
866 3092 900 3153 psi
915 3095 968 3142 ᾰόι-
1015 3101 1145 3157 ιιιυινεμι·
1160 3114 1208 3146 nou
1223 3102 1300 3149 uiuus
1319 3126 1324 3140 ·
1352 3124 1379 3142 r¹¹

630 3350 768 3405 omnen
786 3350 821 3405 V.
872 3351 941 3405 ll'lro
954 3369 1020 3423 may
1035 3353 1162 3427 lauy'ully
1176 3355 1254 3411 mal-e
1267 3373 1339 3412 war.

489 3469 514 3525 1.
545 3468 585 3525 As
597 3469 626 3524 in
641 3469 724 3526 other
736 3469 838 3541 things,
852 3486 883 3524 so
896 3470 924 3523 in
936 3468 985 3524 the
1000 3470 1107 3527 actions
1122 3472 1155 3527 ot
1167 3472 1216 3528 the
1229 3473 1292 3536 will,
1307 3473 1387 3530 ther

437 3556 534 3629 monly
549 3556 630 3612 three
644 3557 727 3610 kinds
740 3557 773 3611 of
782 3558 902 3612 efficient
915 3574 1011 3612 causes
1020 3577 1036 3632 ;v
1048 3557 1095 3614 the
1108 3559 1254 3630 principal‚
1267 3558 1316 3615 the
1328 3577 1385 3615 nux

438 3642 488 3698 the
503 3644 696 3699 instrumente.
721 3643 782 3698 The
794 3643 931 3715 priucipal
945 3644 1072 3699 etleetire
1085 3662 1167 3699 cause
1183 3646 1211 3698 in
1224 3646 1317 3701 uaris
1333 3663 1367 3702 eo
1376 3673 1387 3695 ιἸ

435 3728 531 3784 hehose
540 3731 690 3785 interestis
699 3729 873 3792 concerned;
892 3730 920 3781 in
933 3730 1114 3798 privateuar,
1125 3749 1142 3784 n
1155 3732 1262 3802 private
1275 3748 1380 3802 person

437 3831 503 3879 war,
516 3816 635 3886 npublic
645 3833 747 3886 power,
760 3815 902 3886 generally
914 3833 931 3868 n
941 3819 1086 3886 sorereign
1097 3835 1198 3887 power.
1225 3818 1364 3874 Whether
1381 3846 1382 3850 ¹

437 3901 521 3955 made
536 3901 574 3972 by
589 3901 718 3963 another,
734 3902 778 3954 lor
793 3901 873 3954 these
889 3900 950 3953 who
966 3900 1003 3956 do
1016 3912 1066 3956 not
1080 3903 1245 3959 themselves
1257 3905 1310 3960 stir
1324 3906 1354 3960 in
1373 3908 1383 3961 i

437 4001 485 4042 see
501 3985 660 4041 elsewhere.
699 3988 734 4040 In
755 3986 803 4040 the
822 4003 904 4040 mean
924 3988 992 4041 tirno
1008 4005 1048 4042 ιιο
1069 3988 1136 4043 hold
1156 3990 1194 4058 hy
1209 3990 1264 4046 this
1284 4008 1385 4048 mem.

437 4072 558 4127 Natural
573 4073 648 4137 Lau,
659 4088 742 4144 every
755 4089 808 4126 one
820 4074 843 4126 is
857 4073 905 4128 the
917 4075 1073 4130 vindicator
1085 4076 1118 4131 ot
1127 4075 1170 4132 his
1182 4094 1245 4132 eun
1256 4077 1350 4150 right:
1371 4088 1385 4138 t

437 4157 528 4213 hands
543 4175 616 4213 were
632 4158 714 4229 giren
730 4159 782 4212 tor.

491 4244 531 4302 11.
564 4251 578 4299 1
598 4245 655 4299 But
666 4244 788 4298 further:
807 4253 836 4298 to
849 4244 914 4316 help
923 4246 1043 4301 another
1056 4245 1137 4302 when
1150 4265 1191 4304 ue
1204 4266 1266 4314 ean,
1278 4250 1302 4305 is
1312 4257 1366 4306 not
1385 4280 1387 4297 ·

435 4329 488 4389 but
494 4347 608 4406 proper.
634 4331 727 4388 These
738 4330 800 4386 who
813 4330 884 4388 hare
896 4335 1008 4390 written
1016 4334 1050 4390 ot
1059 4335 1169 4400 Duties,
1180 4335 1285 4409 rightly
1294 4353 1345 4410 say
1354 4345 1383 4394 t·
