2774 4854
87 247 234 326 cmii]
295 253 352 314 stt
371 253 550 321 BEthllE
572 255 745 323 UNQUAM
766 256 1014 318 testeum.
1167 251 1211 319 39

91 418 256 489 distinctio
281 422 431 503 naseitur,
457 445 521 513 qua
546 424 696 492 utendum
718 424 809 493 nohis
831 424 892 494 erit
911 425 1003 511 infra,
1031 424 1065 492 in
1090 422 1207 493 bellum
1223 445 1335 490 rnna

90 520 226 591 solenne
236 522 320 612 juris
335 524 486 616 gentium,
504 526 590 616 quod
607 536 641 594 ot
652 526 782 614 justum,
805 526 838 594 id
856 536 905 595 est
921 527 1057 618 plenum,
1081 525 1206 607 dieitur,

91 633 131 691 et
145 645 212 691 nen
232 625 370 706 solenne,
396 627 480 716 quod
498 637 604 695 ιιιιιιοιι
620 650 683 694 non
700 626 770 696 ideo
786 627 906 715 justum
928 651 996 696 esse
1022 628 1147 709 desinit,
1172 627 1206 697 id

91 733 147 792 est
158 724 225 814 juri
241 748 425 817 eongruens
466 728 550 798 Nam
568 729 637 796 aliis
651 727 749 808 hellis,
767 730 860 796 mede
877 750 970 818 mque
985 728 1084 796 subsit
1100 751 1204 810 eausa,

85 824 146 914 jus
167 826 309 918 gentium
328 849 392 894 nen
414 827 539 898 adsistit
560 830 696 918 quidem,
728 830 783 897 sed
810 853 869 898 nee
897 829 1025 908 resistit,
1059 837 1096 896 ut
1122 828 1207 897 infra

91 926 191 994 latius
211 927 429 1017 explicabitur.
474 932 560 999 Jurs
580 934 730 1019 pentima
757 931 875 1020 (inquit
898 929 1022 1014 liuius)
1047 931 1100 996 ite
1119 953 1206 998 oom-
1217 940 1358 1031 affin

87 1040 256 1115 peretum
273 1041 329 1107 ret,
352 1043 390 1098 ut
406 1054 506 1100 erma
522 1037 629 1101 ermis
647 1035 892 1118 propulsentur.
944 1031 991 1100 Et
1005 1030 1206 1099 Florentinus

84 1127 145 1217 jus
161 1151 230 1198 essa
246 1129 388 1222 gentium
408 1132 466 1211 nit,
492 1141 530 1201 ut
545 1132 610 1200 rim
632 1142 729 1222 utque
752 1132 898 1222 injuriam
914 1132 1143 1222 propulsemus,
1168 1141 1206 1201 ut
1219 1143 1375 1232 rim*

88 1251 210 1321 eorpus
224 1241 366 1300 nestrum
383 1242 531 1302 tutemur.
1217 1239 1307 1279 “³¹¹'‘-

172 1331 214 1399 V.
259 1335 279 1401 1
315 1335 367 1401 De
393 1334 467 1422 jure
490 1334 597 1402 divine
624 1333 800 1403 voluntarie
825 1334 927 1423 major
958 1344 1008 1404 est
1030 1333 1204 1403 difficultas.

88 1433 210 1521 Neque
229 1433 281 1502 hie
304 1434 431 1524 objiciat
451 1435 615 1524 quisquam
633 1434 687 1523 jus
708 1447 832 1503 naturus
853 1458 921 1504 esse
943 1434 1145 1515 immutabile,
1167 1456 1206 1503 se

88 1533 229 1624 preinde
244 1556 266 1602 a
282 1536 352 1602 Deo
369 1536 447 1603 nihil
464 1537 498 1603 in
513 1537 704 1603 eontrarium
722 1537 859 1625 potuisse
876 1537 1043 1605 constitui:
1068 1535 1102 1603 id
1121 1535 1206 1604 enim

90 1656 207 1702 rerum
224 1634 321 1703 estin
334 1635 382 1716 iis,
405 1659 477 1726 qum
498 1636 552 1726 jus
577 1647 700 1706 nature
720 1647 808 1705 vetut
830 1647 886 1705 ant
903 1637 1068 1727 praeipitr
1093 1658 1156 1704 non
1172 1636 1206 1703 in

89 1734 142 1813 iis,
160 1757 232 1825 qum
244 1736 319 1825 jure
330 1746 454 1805 natura
467 1737 563 1804 licent
578 1746 716 1806 tantum:
734 1761 805 1806 nam
819 1761 891 1826 quae
904 1739 971 1828 ejus
983 1747 1057 1805 sunt
1067 1736 1204 1828 generis,

89 1858 166 1903 enm
182 1837 313 1925 propris
329 1836 412 1925 juris
436 1847 560 1905 neturoe
577 1860 640 1907 nen
656 1838 729 1919 sint,
755 1838 812 1906 sod
829 1849 922 1906 extra
937 1839 991 1928 jus
1011 1846 1147 1920 natura,
1172 1846 1207 1906 et

89 1937 199 2006 vetari
215 1949 347 2027 possunt
362 1947 396 2007 et
411 1938 550 2029 praeeipi.

170 2039 193 2104 2
227 2037 316 2108 Solet
332 2061 410 2131 ergo
432 2039 568 2129 primum
590 2061 611 2106 a
632 2040 789 2108 nonnullis
810 2047 921 2108 centra
943 2038 1059 2107 bellum
1085 2038 1206 2107 adferri

87 2137 145 2206 lex
162 2138 240 2208 data
255 2139 287 2206 N
288 2161 336 2208 em
352 2140 481 2231 ejusque
496 2140 641 2230 posteris,
659 2140 713 2209 ubi
729 2142 818 2209 Deus
835 2140 879 2208 sie
893 2141 1044 2230 loquitur,
1069 2142 1148 2209 Gen
1163 2139 1205 2207 ix.

86 2332 179 2394 εὼς.
197 2344 265 2380 xnus.
280 2346 338 2395 pag.
353 2333 408 2383 394.
438 2332 523 2381 Simila
541 2346 624 2381 uem·
675 2331 913 2393 mmmmm
922 2331 1034 2393 pstttcor
1046 2343 1147 2392 morose
1158 2343 1206 2391 ρο-

86 2409 299 2470 plumrldehlmns
308 2409 379 2466 tntu,
389 2410 420 2457 sd
431 2408 484 2457 lib.
496 2421 525 2457 ιι.
534 2423 588 2471 esp.
598 2408 624 2456 il.
674 2408 736 2456 tries
753 2423 783 2455 ar
796 2413 903 2469 perata,
916 2423 963 2469 que
973 2407 1080 2469 seritius
1096 2407 1128 2454 et
1142 2407 1208 2454 bats
1221 2428 1222 2433 ι

87 2484 104 2547 ἦ
116 2487 156 2532 13.
176 2484 243 2531 Nota
252 2485 298 2533 ult.
310 2485 432 2533 Auctoris.
461 2485 491 2532 J.
501 2485 534 2533 B.
671 2483 985 2545 montuosam-ere
991 2483 1098 2544 seprisss.
1109 2481 1208 2546 [Ceu.

134 2569 148 2605 s
162 2560 226 2609 Jurr
234 2564 336 2624 φαιὲιιιι
346 2562 482 2610 ιιινοιιιιιιιι
491 2577 540 2610 esse
550 2560 622 2623 tella]
674 2559 697 2608 N
700 2572 773 2616 aros,
778 2573 832 2620 eap.
842 2560 883 2607 ιιι.
893 2572 960 2607 num.
971 2556 1008 2621 ⁴l·

86 2637 119 2686 Se
145 2643 201 2698 ptos
213 2639 315 2685 vitarum
327 2639 457 2686 ulmetum
472 2640 497 2685 la
511 2638 622 2686 Themis·
718 2634 800 2682 ‘Non
820 2635 916 2683 ridetur
935 2636 966 2684 ds
989 2635 1145 2682 distlnettens
1163 2631 1207 2682 ms

85 2709 167 2758 tecle:
193 2708 323 2770 Prejerw
346 2716 381 2758 ut
404 2711 556 2759 Artatme
579 2724 624 2758 ruo
672 2713 792 2772 rogltnsse
806 2710 1011 2760 iurisconsultus:
1026 2712 1069 2758 sed
1083 2712 1130 2759 heo
1144 2709 1207 2759 ralis

86 2785 198 2844 meo,
206 2786 272 2848 quoe
278 2786 455 2848 mnljurr
462 2785 566 2849 qutiens
572 2786 622 2847 su·
672 2793 776 2844 uatum,
787 2787 953 2848 regulamque
963 2788 989 2836 ln
999 2787 1070 2836 Belle
1075 2788 1206 2836 eomm-

85 3069 181 3127 vhieh
192 3071 217 3127 is
228 3069 289 3128 also
303 3071 395 3128 called
409 3088 429 3128 a
439 3072 500 3144 Just
512 3088 545 3128 or
556 3071 712 3146 legitimate
727 3088 794 3136 var,
809 3087 827 3126 a
841 3071 983 3145 complete
999 3087 1072 3138 rara
1089 3069 1145 3127 and
1161 3069 1205 3126 ln·

84 3157 192 3215 formal
214 3176 279 3222 war.
295 3158 387 3216 which
401 3176 467 3233 may
480 3158 539 3216 still
554 3159 591 3217 be
607 3160 763 3232 legitimate
778 3176 811 3214 or
822 3160 881 3229 just
900 3155 942 3231 [in
956 3176 974 3215 a
992 3175 1072 3215 mere
1088 3157 1205 3232 general

82 3239 190 3315 reme]
208 3245 271 3302 that
279 3248 312 3314 is,
326 3247 477 3320 ngreeable
488 3255 519 3303 te
532 3248 645 3318 justice.
691 3246 829 3301 lnfemtul
845 3264 923 3313 mars,
934 3246 960 3302 if
968 3246 1050 3309 there
1064 3245 1101 3302 be
1112 3262 1131 3301 s
1142 3261 1206 3301 ren·

83 3333 206 3389 semble
220 3350 305 3391 oense
319 3334 366 3390 fer
377 3335 465 3398 them,
482 3351 532 3389 are
543 3341 594 3388 not
608 3333 763 3405 supported
776 3333 812 3405 by
824 3334 877 3389 Ιιιι
886 3336 1015 3407 orontium,
1028 3332 1082 3388 hut
1092 3331 1205 3388 neither

84 3435 138 3475 are
149 3418 219 3493 they
233 3422 352 3478 resisted
366 3421 404 3492 hy
419 3422 452 3484 it,
466 3436 498 3474 ss
509 3419 566 3473 vill
583 3419 726 3475 hereafter
738 3420 774 3475 be
788 3419 820 3475 ιιι
850 3439 892 3477 re.
927 3422 1000 3493 Livy
1013 3419 1070 3474 aad
1086 3420 1205 3476 Floren-

84 3506 165 3562 tinus
182 3522 233 3578 say
250 3505 315 3562 that
335 3506 389 3562 lus
404 3507 524 3580 ortulum
540 3505 645 3560 direets
664 3523 697 3561 us
719 3515 750 3563 ιο
768 3508 941 3582 repelleres
959 3507 998 3581 by
1010 3507 1100 3564 soree.
1135 3503 1205 3576 [See

85 3591 138 3649 ὼ
151 3589 307 3665 punge]

145 3680 181 3732 ι’.
220 3686 234 3734 l
259 3679 437 3750 Conceming
452 3678 604 3734 Instituted
620 3679 721 3735 Dirlne
739 3681 806 3735 Lau
831 3677 932 3753 [Chap.
949 3694 969 3736 1.
984 3682 1000 3752 ξ
1014 3697 1057 3734 xr.
1073 3673 1101 3749 1]
1122 3677 1204 3734 there

84 3768 110 3824 ls
129 3782 211 3823 mers
229 3766 374 3838 difficulty.
407 3766 511 3821 Neris
530 3765 580 3821 the
597 3765 739 3836 objeetlon
762 3767 845 3831 ralid,
868 3767 932 3821 that
948 3765 1071 3821 Natural
1095 3765 1203 3821 nauta

83 3853 263 3922 immutsble,
277 3852 334 3908 and
347 3853 492 3909 therefore
503 3860 609 3909 cannot
621 3853 657 3909 be
669 3852 806 3925 changed,
819 3870 891 3908 eren
903 3852 941 3924 by
953 3852 1034 3907 God:
1053 3850 1100 3906 for
1110 3850 1167 3907 thls
1179 3852 1203 3908 ln

84 3949 152 3999 uas
166 3958 198 3996 ss
213 3948 245 3997 ιο
260 3941 334 3996 ιιιιιι
349 3943 372 3996 is
386 3941 573 3997 commanded
588 3957 621 3998 or
635 3940 786 3996 forbidden
802 3940 840 4013 by
852 3938 973 3995 Natural
989 3939 1064 4002 Lar,
1081 3938 1134 3995 but
1150 3945 1203 3996 net

82 4046 117 4086 ns
136 4037 169 4084 ιο
180 4027 257 4083 what
276 4029 299 4083 is
313 4028 381 4101 only
394 4029 559 4101 permitted.
595 4029 703 4101 Thiags
718 4029 752 4084 ef
766 4028 829 4084 that
848 4026 916 4081 kind
934 4043 984 4082 are
999 4034 1049 4082 ιιοι
1068 4025 1203 4100 properly

84 4115 181 4173 under
198 4115 322 4172 Natural
340 4115 415 4181 har,
433 4115 486 4171 lent
503 4125 672 4173 extraneeus
687 4126 718 4171 ιο
735 4117 767 4182 it,
785 4114 842 4170 und
861 4131 926 4187 may
945 4112 982 4169 be
999 4112 1152 4170 forbidden
1168 4128 1203 4168 οι·

82 4201 275 4262 commodet
290 4201 341 4277 [hy
356 4203 508 4259 instituted
523 4200 611 4272 1,an.

144 4298 164 4347 2
185 4291 249 4348 'l’lss
267 4291 329 4347 first
343 4306 462 4365 passage
476 4290 588 4362 usually
600 4288 723 4362 brought
738 4290 812 4345 fretu
831 4288 986 4362 scripture,
1003 4295 1035 4343 to
1048 4285 1125 4343 sherr
1138 4285 1203 4343 that

82 4395 157 4434 vars
174 4396 225 4436 sss
238 4379 385 4446 unhrful,
399 4378 423 4435 is
435 4377 484 4435 the
496 4377 551 4434 laur
565 4379 648 4451 giren
661 4385 690 4435 ιο
704 4377 789 4433 Neah
802 4376 889 4444 (Gen.
906 4375 943 4431 ln
960 4369 1040 4441 ιο).
1075 4373 1203 4430 ll'hatls

83 4464 170 4525 there
184 4466 256 4538 said,
274 4468 352 4527 l'otsr
362 4468 442 4528 blood
456 4467 495 4542 os
502 4484 576 4542 your
590 4466 653 4524 lires
666 4467 687 4524 1
698 4465 756 4524 seilt
772 4466 887 4540 require,
897 4473 927 4521 et
945 4464 986 4521 tls
1001 4462 1078 4519 laud
1092 4463 1203 4535 essaeus
