<?xml version="1.0" encoding="UTF-8"?>
<!DOCTYPE html PUBLIC "-//W3C//DTD XHTML 1.0 Transitional//EN"
    "http://www.w3.org/TR/xhtml1/DTD/xhtml1-transitional.dtd">
<html xmlns="http://www.w3.org/1999/xhtml" xml:lang="en" lang="en">
 <head>
  <title>
</title>
<meta http-equiv="Content-Type" content="text/html;charset=utf-8" />
  <meta name='ocr-system' content='tesseract 3.04.00' />
  <meta name='ocr-capabilities' content='ocr_page ocr_carea ocr_par ocr_line ocrx_word'/>
</head>
<body>
  <div class='ocr_page' id='page_1' title='image "./hugonisgrotiide04barbgoog/hugonisgrotiide04barbgoog_0485.png"; bbox 0 0 2774 4854; ppageno 0'>
   <div class='ocr_carea' id='block_1_1' title="bbox 229 201 1324 280">
    <p class='ocr_par' dir='ltr' id='par_1_1' title="bbox 229 201 1324 280">
     <span class='ocr_line' id='line_1_1' title="bbox 229 201 1324 280; baseline -0.001 -14"><span class='ocrx_word' id='word_1_1' title='bbox 229 201 296 266; x_wconf 82' lang='grc'>398</span> <span class='ocrx_word' id='word_1_2' title='bbox 381 258 383 262; x_wconf 77' lang='grc'>,</span> <span class='ocrx_word' id='word_1_3' title='bbox 437 206 491 265; x_wconf 81' lang='lat' dir='ltr'>DE</span> <span class='ocrx_word' id='word_1_4' title='bbox 512 206 866 276; x_wconf 76' lang='lat' dir='ltr'>ACQL&#39;ISITIOXIBUS,</span> <span class='ocrx_word' id='word_1_5' title='bbox 889 206 981 273; x_wconf 77' lang='lat' dir='ltr'>QUAE</span> <span class='ocrx_word' id='word_1_6' title='bbox 1004 206 1149 266; x_wconf 83' lang='lat' dir='ltr'>VULGO</span> <span class='ocrx_word' id='word_1_7' title='bbox 1224 202 1324 280; x_wconf 76' lang='lat' dir='ltr'>[hrall</span> 
     </span>
    </p>
   </div>
   <div class='ocr_carea' id='block_1_2' title="bbox 228 375 1328 470">
    <p class='ocr_par' dir='ltr' id='par_1_2' title="bbox 228 375 1328 470">
     <span class='ocr_line' id='line_1_2' title="bbox 228 375 1328 470; baseline -0.002 -24"><span class='ocrx_word' id='word_1_8' title='bbox 228 379 305 446; x_wconf 89' lang='lat' dir='ltr'>ralis</span> <span class='ocrx_word' id='word_1_9' title='bbox 330 377 475 468; x_wconf 74' lang='lat' dir='ltr'>quoidam</span> <span class='ocrx_word' id='word_1_10' title='bbox 502 378 655 470; x_wconf 82' lang='lat' dir='ltr'>possessio</span> <span class='ocrx_word' id='word_1_11' title='bbox 681 378 724 446; x_wconf 89' lang='lat' dir='ltr'>ed</span> <span class='ocrx_word' id='word_1_12' title='bbox 754 375 923 446; x_wconf 90' lang='lat' dir='ltr'>dominium</span> <span class='ocrx_word' id='word_1_13' title='bbox 957 375 1223 466; x_wconf 70' lang='lat' dir='ltr'>adipiscendum</span> <span class='ocrx_word' id='word_1_14' title='bbox 1255 386 1328 466; x_wconf 86' lang='lat' dir='ltr'>atque</span> 
     </span>
    </p>
   </div>
   <div class='ocr_carea' id='block_1_3' title="bbox 65 476 1329 599">
    <p class='ocr_par' dir='ltr' id='par_1_3' title="bbox 65 476 1329 599">
     <span class='ocr_line' id='line_1_3' title="bbox 65 476 1329 599; baseline 0.003 -58"><span class='ocrx_word' id='word_1_15' title='bbox 65 501 216 599; x_wconf 39' lang='lat' dir='ltr'>parmis.</span> <span class='ocrx_word' id='word_1_16' title='bbox 230 479 302 547; x_wconf 87' lang='lat' dir='ltr'>ideo</span> <span class='ocrx_word' id='word_1_17' title='bbox 325 480 506 548; x_wconf 76' lang='lat' dir='ltr'>vulnerasse</span> <span class='ocrx_word' id='word_1_18' title='bbox 530 503 594 546; x_wconf 92' lang='lat' dir='ltr'>non</span> <span class='ocrx_word' id='word_1_19' title='bbox 619 478 739 557; x_wconf 87' lang='lat' dir='ltr'>sufficit,</span> <span class='ocrx_word' id='word_1_20' title='bbox 765 489 802 546; x_wconf 98' lang='grc' dir='ltr'>ιιι</span> <span class='ocrx_word' id='word_1_21' title='bbox 826 489 912 545; x_wconf 88' lang='lat' dir='ltr'>recte</span> <span class='ocrx_word' id='word_1_22' title='bbox 937 490 1051 545; x_wconf 87' lang='lat' dir='ltr'>contra</span> <span class='ocrx_word' id='word_1_23' title='bbox 1077 476 1268 546; x_wconf 78' lang='lat' dir='ltr'><strong>Trebatium</strong></span> <span class='ocrx_word' id='word_1_24' title='bbox 1281 480 1329 566; x_wconf 74' lang='lat' dir='ltr'>pls</span> 
     </span>
    </p>
   </div>
   <div class='ocr_carea' id='block_1_4' title="bbox 64 572 1332 1476">
    <p class='ocr_par' dir='ltr' id='par_1_4' title="bbox 64 572 1331 671">
     <span class='ocr_line' id='line_1_4' title="bbox 64 572 1331 671; baseline -0.003 -23"><span class='ocrx_word' id='word_1_25' title='bbox 64 597 181 639; x_wconf 60' lang='lat' dir='ltr'>rem</span> <span class='ocrx_word' id='word_1_26' title='bbox 230 580 304 649; x_wconf 84' lang='lat' dir='ltr'>cuit.</span> <span class='ocrx_word' id='word_1_27' title='bbox 355 582 443 649; x_wconf 87' lang='lat' dir='ltr'>Hinc</span> <span class='ocrx_word' id='word_1_28' title='bbox 458 579 679 671; x_wconf 77' lang='lat' dir='ltr'>prouerbium:</span> <span class='ocrx_word' id='word_1_29' title='bbox 705 572 810 648; x_wconf 77' lang='lat' dir='ltr'>‘Aliis</span> <span class='ocrx_word' id='word_1_30' title='bbox 828 581 964 667; x_wconf 84' lang='lat' dir='ltr'>leporem</span> <span class='ocrx_word' id='word_1_31' title='bbox 981 583 1153 647; x_wconf 79' lang='lat' dir='ltr'>cecitasti.</span> <span class='ocrx_word' id='word_1_32' title='bbox 1180 580 1225 647; x_wconf 85' lang='lat' dir='ltr'>Et</span> <span class='ocrx_word' id='word_1_33' title='bbox 1239 578 1331 646; x_wconf 75' lang='lat' dir='ltr'>Ouidio</span> 
     </span>
    </p>

    <p class='ocr_par' dir='ltr' id='par_1_5' title="bbox 230 679 1325 772">
     <span class='ocr_line' id='line_1_5' title="bbox 230 679 1325 772; baseline -0.004 -22"><span class='ocrx_word' id='word_1_34' title='bbox 230 684 534 772; x_wconf 77' lang='lat' dir='ltr'>Metamorphoeeoa</span> <span class='ocrx_word' id='word_1_35' title='bbox 550 681 660 770; x_wconf 89' lang='lat' dir='ltr'>quinto</span> <span class='ocrx_word' id='word_1_36' title='bbox 676 681 762 748; x_wconf 90' lang='lat' dir='ltr'>aliud</span> <span class='ocrx_word' id='word_1_37' title='bbox 779 689 828 747; x_wconf 85' lang='lat' dir='ltr'>est</span> <span class='ocrx_word' id='word_1_38' title='bbox 843 679 922 745; x_wconf 86' lang='lat' dir='ltr'>scire</span> <span class='ocrx_word' id='word_1_39' title='bbox 939 679 993 746; x_wconf 93' lang='lat' dir='ltr'>ubi</span> <span class='ocrx_word' id='word_1_40' title='bbox 1010 680 1062 759; x_wconf 87' lang='lat' dir='ltr'>sit,</span> <span class='ocrx_word' id='word_1_41' title='bbox 1081 679 1174 747; x_wconf 85' lang='lat' dir='ltr'>aliud</span> <span class='ocrx_word' id='word_1_42' title='bbox 1192 679 1325 768; x_wconf 83' lang='lat' dir='ltr'>reperire</span> 
     </span>
    </p>

    <p class='ocr_par' dir='ltr' id='par_1_6' title="bbox 307 779 1331 872">
     <span class='ocr_line' id='line_1_6' title="bbox 307 779 1331 872; baseline -0.003 -22"><span class='ocrx_word' id='word_1_43' title='bbox 307 784 364 850; x_wconf 87' lang='lat' dir='ltr'>IV.</span> <span class='ocrx_word' id='word_1_44' title='bbox 417 782 482 850; x_wconf 84' lang='lat' dir='ltr'>Sed</span> <span class='ocrx_word' id='word_1_45' title='bbox 498 785 512 826; x_wconf 83' lang='lat'>³</span> <span class='ocrx_word' id='word_1_46' title='bbox 517 783 668 872; x_wconf 86' lang='lat' dir='ltr'>possessio</span> <span class='ocrx_word' id='word_1_47' title='bbox 685 782 739 849; x_wconf 89' lang='lat' dir='ltr'>illa</span> <span class='ocrx_word' id='word_1_48' title='bbox 755 788 859 869; x_wconf 87' lang='lat' dir='ltr'>potest</span> <span class='ocrx_word' id='word_1_49' title='bbox 874 779 994 867; x_wconf 87' lang='lat' dir='ltr'>acquiri</span> <span class='ocrx_word' id='word_1_50' title='bbox 1020 802 1088 848; x_wconf 90' lang='lat' dir='ltr'>non</span> <span class='ocrx_word' id='word_1_51' title='bbox 1105 781 1182 848; x_wconf 89' lang='lat' dir='ltr'>solis</span> <span class='ocrx_word' id='word_1_52' title='bbox 1200 782 1331 856; x_wconf 86' lang='lat' dir='ltr'>manibus,</span> 
     </span>
    </p>

    <p class='ocr_par' dir='ltr' id='par_1_7' title="bbox 230 879 1332 971">
     <span class='ocr_line' id='line_1_7' title="bbox 230 879 1332 971; baseline -0.001 -22"><span class='ocrx_word' id='word_1_53' title='bbox 230 882 286 950; x_wconf 89' lang='lat' dir='ltr'>sed</span> <span class='ocrx_word' id='word_1_54' title='bbox 302 881 524 961; x_wconf 81' lang='lat' dir='ltr'>instrumentis,</span> <span class='ocrx_word' id='word_1_55' title='bbox 546 893 583 950; x_wconf 92' lang='grc' dir='ltr'>ιιι</span> <span class='ocrx_word' id='word_1_56' title='bbox 606 882 765 971; x_wconf 80' lang='lat' dir='ltr'>decipulis,</span> <span class='ocrx_word' id='word_1_57' title='bbox 789 879 918 958; x_wconf 87' lang='lat' dir='ltr'>retibus,</span> <span class='ocrx_word' id='word_1_58' title='bbox 943 880 1078 967; x_wconf 90' lang='lat' dir='ltr'>laqueis,</span> <span class='ocrx_word' id='word_1_59' title='bbox 1101 881 1182 948; x_wconf 90' lang='lat' dir='ltr'>dum</span> <span class='ocrx_word' id='word_1_60' title='bbox 1210 882 1272 948; x_wconf 92' lang='lat' dir='ltr'>duo</span> <span class='ocrx_word' id='word_1_61' title='bbox 1294 881 1332 948; x_wconf 86' lang='lat' dir='ltr'>sd·</span> 
     </span>
    </p>

    <p class='ocr_par' dir='ltr' id='par_1_8' title="bbox 230 979 1331 1073">
     <span class='ocr_line' id='line_1_8' title="bbox 230 979 1331 1073; baseline -0.001 -24"><span class='ocrx_word' id='word_1_62' title='bbox 230 982 312 1050; x_wconf 71' lang='lat' dir='ltr'>sinte</span> <span class='ocrx_word' id='word_1_63' title='bbox 339 981 484 1073; x_wconf 91' lang='lat' dir='ltr'>primum,</span> <span class='ocrx_word' id='word_1_64' title='bbox 508 993 545 1050; x_wconf 93' lang='grc' dir='ltr'>ιιι</span> <span class='ocrx_word' id='word_1_65' title='bbox 568 985 637 1072; x_wconf 89' lang='lat' dir='ltr'>ipsa</span> <span class='ocrx_word' id='word_1_66' title='bbox 663 983 871 1050; x_wconf 86' lang='lat' dir='ltr'>instrumenta</span> <span class='ocrx_word' id='word_1_67' title='bbox 893 979 957 1048; x_wconf 88' lang='lat' dir='ltr'>siut</span> <span class='ocrx_word' id='word_1_68' title='bbox 981 980 1016 1046; x_wconf 93' lang='lat' dir='ltr'>iu</span> <span class='ocrx_word' id='word_1_69' title='bbox 1041 992 1160 1048; x_wconf 86' lang='lat' dir='ltr'>nostra</span> <span class='ocrx_word' id='word_1_70' title='bbox 1185 992 1331 1071; x_wconf 70' lang='lat' dir='ltr'>potestate</span> 
     </span>
    </p>

    <p class='ocr_par' dir='ltr' id='par_1_9' title="bbox 229 1078 1332 1172">
     <span class='ocr_line' id='line_1_9' title="bbox 229 1078 1332 1172; baseline -0.001 -22"><span class='ocrx_word' id='word_1_71' title='bbox 229 1082 353 1162; x_wconf 86' lang='lat' dir='ltr'>deiude,</span> <span class='ocrx_word' id='word_1_72' title='bbox 382 1093 417 1152; x_wconf 90' lang='grc' dir='ltr'>ιιι</span> <span class='ocrx_word' id='word_1_73' title='bbox 445 1085 515 1152; x_wconf 84' lang='lat' dir='ltr'>fora</span> <span class='ocrx_word' id='word_1_74' title='bbox 542 1084 589 1152; x_wconf 92' lang='lat' dir='ltr'>ita</span> <span class='ocrx_word' id='word_1_75' title='bbox 616 1083 736 1151; x_wconf 87' lang='lat' dir='ltr'>inclusa</span> <span class='ocrx_word' id='word_1_76' title='bbox 760 1083 811 1161; x_wconf 85' lang='lat' dir='ltr'>sit,</span> <span class='ocrx_word' id='word_1_77' title='bbox 839 1089 875 1150; x_wconf 92' lang='grc' dir='ltr'>ιιι</span> <span class='ocrx_word' id='word_1_78' title='bbox 902 1080 990 1148; x_wconf 87' lang='lat' dir='ltr'>exiro</span> <span class='ocrx_word' id='word_1_79' title='bbox 1015 1079 1094 1149; x_wconf 90' lang='lat' dir='ltr'>iude</span> <span class='ocrx_word' id='word_1_80' title='bbox 1125 1078 1332 1172; x_wconf 71' lang='lat' dir='ltr'>nequeatssl</span> 
     </span>
    </p>

    <p class='ocr_par' dir='ltr' id='par_1_10' title="bbox 64 1181 1332 1354">
     <span class='ocr_line' id='line_1_10' title="bbox 96 1181 1332 1295; baseline 0.002 -46"><span class='ocrx_word' id='word_1_81' title='bbox 96 1207 217 1295; x_wconf 52' lang='lat' dir='ltr'>emesa</span> <span class='ocrx_word' id='word_1_82' title='bbox 229 1205 322 1272; x_wconf 91' lang='lat' dir='ltr'>quem</span> <span class='ocrx_word' id='word_1_83' title='bbox 340 1185 466 1252; x_wconf 90' lang='lat' dir='ltr'>modum</span> <span class='ocrx_word' id='word_1_84' title='bbox 481 1184 659 1253; x_wconf 87' lang='lat' dir='ltr'>definienda</span> <span class='ocrx_word' id='word_1_85' title='bbox 679 1193 729 1252; x_wconf 88' lang='lat' dir='ltr'>est</span> <span class='ocrx_word' id='word_1_86' title='bbox 748 1181 880 1273; x_wconf 78' lang='lat' dir='ltr'>quaestio</span> <span class='ocrx_word' id='word_1_87' title='bbox 897 1181 938 1250; x_wconf 89' lang='lat' dir='ltr'>do</span> <span class='ocrx_word' id='word_1_88' title='bbox 952 1204 1044 1273; x_wconf 90' lang='lat' dir='ltr'>apro,</span> <span class='ocrx_word' id='word_1_89' title='bbox 1066 1183 1128 1272; x_wconf 91' lang='lat' dir='ltr'>qui</span> <span class='ocrx_word' id='word_1_90' title='bbox 1151 1185 1188 1251; x_wconf 90' lang='lat' dir='ltr'>ia</span> <span class='ocrx_word' id='word_1_91' title='bbox 1207 1184 1332 1272; x_wconf 76' lang='lat' dir='ltr'>laquem</span> 
     </span>
     <span class='ocr_line' id='line_1_11' title="bbox 64 1265 380 1354; baseline 0.009 -3"><span class='ocrx_word' id='word_1_92' title='bbox 64 1265 184 1343; x_wconf 60' lang='lat' dir='ltr'>aa&amp;</span> <span class='ocrx_word' id='word_1_93' title='bbox 227 1284 380 1354; x_wconf 63' lang='lat' dir='ltr'>nexuerit,</span> 
     </span>
    </p>

    <p class='ocr_par' dir='ltr' id='par_1_11' title="bbox 304 1380 1332 1476">
     <span class='ocr_line' id='line_1_12' title="bbox 304 1380 1332 1476; baseline 0 -23"><span class='ocrx_word' id='word_1_94' title='bbox 304 1387 345 1453; x_wconf 84' lang='lat' dir='ltr'>V.</span> <span class='ocrx_word' id='word_1_95' title='bbox 396 1387 476 1453; x_wconf 84' lang='lat' dir='ltr'>Hoec</span> <span class='ocrx_word' id='word_1_96' title='bbox 500 1407 578 1476; x_wconf 83' lang='lat' dir='ltr'>ergo</span> <span class='ocrx_word' id='word_1_97' title='bbox 602 1383 703 1453; x_wconf 90' lang='lat' dir='ltr'>locum</span> <span class='ocrx_word' id='word_1_98' title='bbox 728 1383 890 1453; x_wconf 87' lang='lat' dir='ltr'>habebunt</span> <span class='ocrx_word' id='word_1_99' title='bbox 912 1380 938 1449; x_wconf 90' lang='lat' dir='ltr'>si</span> <span class='ocrx_word' id='word_1_100' title='bbox 955 1382 1008 1449; x_wconf 79' lang='lat' dir='ltr'>lou</span> <span class='ocrx_word' id='word_1_101' title='bbox 1025 1381 1119 1450; x_wconf 89' lang='lat' dir='ltr'>nulla</span> <span class='ocrx_word' id='word_1_102' title='bbox 1136 1383 1239 1452; x_wconf 81' lang='lat' dir='ltr'>civilis</span> <span class='ocrx_word' id='word_1_103' title='bbox 1253 1384 1332 1453; x_wconf 82' lang='lat' dir='ltr'>inter·</span> 
     </span>
    </p>
   </div>
   <div class='ocr_carea' id='block_1_5' title="bbox 64 1482 1332 1600">
    <p class='ocr_par' dir='ltr' id='par_1_12' title="bbox 64 1482 1332 1600">
     <span class='ocr_line' id='line_1_13' title="bbox 64 1482 1332 1600; baseline 0 -47"><span class='ocrx_word' id='word_1_104' title='bbox 64 1511 203 1600; x_wconf 53' lang='lat' dir='ltr'>mill</span> <span class='ocrx_word' id='word_1_105' title='bbox 228 1487 371 1556; x_wconf 71' lang='lat' dir='ltr'>uenerit:</span> <span class='ocrx_word' id='word_1_106' title='bbox 395 1486 486 1553; x_wconf 82' lang='lat' dir='ltr'>valde</span> <span class='ocrx_word' id='word_1_107' title='bbox 513 1485 595 1553; x_wconf 73' lang='lat' dir='ltr'>enim</span> <span class='ocrx_word' id='word_1_108' title='bbox 625 1485 779 1553; x_wconf 83' lang='lat' dir='ltr'>falluntur</span> <span class='ocrx_word' id='word_1_109' title='bbox 804 1482 997 1552; x_wconf 80' lang='lat' dir='ltr'>recentiores</span> <span class='ocrx_word' id='word_1_110' title='bbox 1024 1483 1267 1564; x_wconf 86' lang='lat' dir='ltr'>Jurisconsulti,</span> <span class='ocrx_word' id='word_1_111' title='bbox 1293 1485 1332 1573; x_wconf 88' lang='lat' dir='ltr'>qui</span> 
     </span>
    </p>
   </div>
   <div class='ocr_carea' id='block_1_6' title="bbox 62 1582 1332 1694">
    <p class='ocr_par' dir='ltr' id='par_1_13' title="bbox 62 1582 1332 1694">
     <span class='ocr_line' id='line_1_14' title="bbox 62 1582 1332 1694; baseline 0.001 -40"><span class='ocrx_word' id='word_1_112' title='bbox 62 1605 199 1694; x_wconf 39' lang='lat' dir='ltr'>magu·</span> <span class='ocrx_word' id='word_1_113' title='bbox 228 1582 297 1656; x_wconf 76' lang='lat' dir='ltr'>hoec</span> <span class='ocrx_word' id='word_1_114' title='bbox 325 1589 371 1654; x_wconf 92' lang='lat' dir='ltr'>ita</span> <span class='ocrx_word' id='word_1_115' title='bbox 398 1595 511 1676; x_wconf 83' lang='lat' dir='ltr'>putant</span> <span class='ocrx_word' id='word_1_116' title='bbox 539 1586 705 1665; x_wconf 84' lang='lat' dir='ltr'>naturalia,</span> <span class='ocrx_word' id='word_1_117' title='bbox 736 1594 772 1654; x_wconf 90' lang='grc' dir='ltr'>ιιι</span> <span class='ocrx_word' id='word_1_118' title='bbox 803 1583 918 1652; x_wconf 88' lang='lat' dir='ltr'>mutari</span> <span class='ocrx_word' id='word_1_119' title='bbox 948 1595 1137 1671; x_wconf 87' lang='lat' dir='ltr'>nequeant:</span> <span class='ocrx_word' id='word_1_120' title='bbox 1166 1598 1243 1655; x_wconf 86' lang='lat' dir='ltr'>sunt</span> <span class='ocrx_word' id='word_1_121' title='bbox 1268 1588 1332 1654; x_wconf 86' lang='lat' dir='ltr'>enin</span> 
     </span>
    </p>
   </div>
   <div class='ocr_carea' id='block_1_7' title="bbox 227 1686 1334 1878">
    <p class='ocr_par' dir='ltr' id='par_1_14' title="bbox 227 1686 1334 1878">
     <span class='ocr_line' id='line_1_15' title="bbox 228 1686 1332 1776; baseline -0.004 -20"><span class='ocrx_word' id='word_1_122' title='bbox 228 1688 386 1756; x_wconf 70' lang='lat' dir='ltr'>naturalia·</span> <span class='ocrx_word' id='word_1_123' title='bbox 401 1710 465 1753; x_wconf 91' lang='lat' dir='ltr'>non</span> <span class='ocrx_word' id='word_1_124' title='bbox 480 1687 672 1776; x_wconf 85' lang='lat' dir='ltr'>simpliciter,</span> <span class='ocrx_word' id='word_1_125' title='bbox 688 1686 745 1754; x_wconf 90' lang='lat' dir='ltr'>sed</span> <span class='ocrx_word' id='word_1_126' title='bbox 766 1709 825 1776; x_wconf 91' lang='lat' dir='ltr'>pro</span> <span class='ocrx_word' id='word_1_127' title='bbox 842 1694 928 1754; x_wconf 86' lang='lat' dir='ltr'>certo</span> <span class='ocrx_word' id='word_1_128' title='bbox 945 1707 1056 1752; x_wconf 88' lang='lat' dir='ltr'>rerum</span> <span class='ocrx_word' id='word_1_129' title='bbox 1074 1696 1178 1766; x_wconf 86' lang='lat' dir='ltr'>statu,</span> <span class='ocrx_word' id='word_1_130' title='bbox 1197 1688 1232 1755; x_wconf 90' lang='lat' dir='ltr'>id</span> <span class='ocrx_word' id='word_1_131' title='bbox 1248 1686 1332 1768; x_wconf 72' lang='lat' dir='ltr'>estsi</span> 
     </span>
     <span class='ocr_line' id='line_1_16' title="bbox 227 1786 1334 1878; baseline -0.005 -20"><span class='ocrx_word' id='word_1_132' title='bbox 227 1789 320 1858; x_wconf 83' lang='lat' dir='ltr'>aliter</span> <span class='ocrx_word' id='word_1_133' title='bbox 341 1799 466 1856; x_wconf 89' lang='lat' dir='ltr'>cautum</span> <span class='ocrx_word' id='word_1_134' title='bbox 485 1810 550 1855; x_wconf 89' lang='lat' dir='ltr'>noa</span> <span class='ocrx_word' id='word_1_135' title='bbox 571 1788 622 1856; x_wconf 84' lang='lat' dir='ltr'>sit.</span> <span class='ocrx_word' id='word_1_136' title='bbox 674 1787 853 1856; x_wconf 75' lang='lat' dir='ltr'>Germania</span> <span class='ocrx_word' id='word_1_137' title='bbox 876 1794 984 1854; x_wconf 87' lang='lat' dir='ltr'>autem</span> <span class='ocrx_word' id='word_1_138' title='bbox 999 1786 1127 1876; x_wconf 87' lang='lat' dir='ltr'>populi,</span> <span class='ocrx_word' id='word_1_139' title='bbox 1146 1810 1222 1856; x_wconf 90' lang='lat' dir='ltr'>cum</span> <span class='ocrx_word' id='word_1_140' title='bbox 1238 1787 1334 1878; x_wconf 77' lang='lat' dir='ltr'>princi</span> 
     </span>
    </p>
   </div>
   <div class='ocr_carea' id='block_1_8' title="bbox 196 1963 1339 3016">
    <p class='ocr_par' dir='ltr' id='par_1_15' title="bbox 196 1963 1339 3016">
     <span class='ocr_line' id='line_1_17' title="bbox 225 1963 1334 2031; baseline 0 -16"><span class='ocrx_word' id='word_1_141' title='bbox 225 1965 344 2031; x_wconf 64' lang='grc' dir='ltr'>γυισθαι</span> <span class='ocrx_word' id='word_1_142' title='bbox 361 1965 492 2024; x_wconf 71' lang='grc' dir='ltr'>διηὸτιιιι</span> <span class='ocrx_word' id='word_1_143' title='bbox 507 1966 555 2014; x_wconf 76' lang='grc' dir='ltr'>τοῦ</span> <span class='ocrx_word' id='word_1_144' title='bbox 571 1963 666 2025; x_wconf 61' lang='lat' dir='ltr'>inpios,</span> <span class='ocrx_word' id='word_1_145' title='bbox 684 1966 705 2012; x_wconf 84' lang='lat' dir='ltr'>el</span> <span class='ocrx_word' id='word_1_146' title='bbox 724 1965 758 2026; x_wconf 74' lang='grc' dir='ltr'>μιί</span> <span class='ocrx_word' id='word_1_147' title='bbox 819 1987 824 1995; x_wconf 90' lang='grc'><em>·</em></span> <span class='ocrx_word' id='word_1_148' title='bbox 849 1963 1102 2027; x_wconf 73' lang='lat' dir='ltr'>’Deuuiversojme</span> <span class='ocrx_word' id='word_1_149' title='bbox 1112 1967 1334 2029; x_wconf 62' lang='lat' dir='ltr'>occupatissimi&amp;</span> 
     </span>
     <span class='ocr_line' id='line_1_18' title="bbox 226 2038 1334 2105; baseline 0 -13"><span class='ocrx_word' id='word_1_150' title='bbox 226 2045 268 2092; x_wconf 77' lang='lat' dir='ltr'>seul</span> <span class='ocrx_word' id='word_1_151' title='bbox 283 2043 378 2092; x_wconf 76' lang='lat' dir='ltr'>radron</span> <span class='ocrx_word' id='word_1_152' title='bbox 393 2042 526 2105; x_wconf 73' lang='grc' dir='ltr'>δράξποι·</span> <span class='ocrx_word' id='word_1_153' title='bbox 547 2057 594 2090; x_wconf 79' lang='lat' dir='ltr'>nen</span> <span class='ocrx_word' id='word_1_154' title='bbox 609 2042 684 2089; x_wconf 81' lang='lat' dir='ltr'>aliter</span> <span class='ocrx_word' id='word_1_155' title='bbox 696 2043 759 2090; x_wconf 74' lang='lat' dir='ltr'>enin</span> <span class='ocrx_word' id='word_1_156' title='bbox 805 2038 976 2087; x_wconf 61' lang='lat' dir='ltr'>Phalanom·</span> <span class='ocrx_word' id='word_1_157' title='bbox 996 2038 1039 2086; x_wconf 70' lang='lat' dir='ltr'>De</span> <span class='ocrx_word' id='word_1_158' title='bbox 1058 2041 1129 2088; x_wconf 69' lang='lat' dir='ltr'>‚lure</span> <span class='ocrx_word' id='word_1_159' title='bbox 1149 2042 1217 2090; x_wconf 73' lang='lat' dir='ltr'>Nee.</span> <span class='ocrx_word' id='word_1_160' title='bbox 1236 2048 1260 2091; x_wconf 75' lang='lat' dir='ltr'>et</span> <span class='ocrx_word' id='word_1_161' title='bbox 1280 2043 1334 2092; x_wconf 75' lang='lat' dir='ltr'>Gul-</span> 
     </span>
     <span class='ocr_line' id='line_1_19' title="bbox 196 2113 1335 2181; baseline -0.002 -14"><span class='ocrx_word' id='word_1_162' title='bbox 196 2119 200 2127; x_wconf 89' lang='lat'>&#39;</span> <span class='ocrx_word' id='word_1_163' title='bbox 226 2118 451 2180; x_wconf 63' lang='lat' dir='ltr'>assumseram</span> <span class='ocrx_word' id='word_1_164' title='bbox 465 2119 657 2180; x_wconf 68' lang='lat' dir='ltr'>qatntnnocsr,</span> <span class='ocrx_word' id='word_1_165' title='bbox 672 2118 721 2165; x_wconf 76' lang='lat' dir='ltr'>nisi</span> <span class='ocrx_word' id='word_1_166' title='bbox 736 2122 759 2166; x_wconf 79' lang='lat' dir='ltr'>et</span> <span class='ocrx_word' id='word_1_167' title='bbox 805 2113 859 2163; x_wconf 81' lang='lat' dir='ltr'>Lib.</span> <span class='ocrx_word' id='word_1_168' title='bbox 871 2126 906 2161; x_wconf 79' lang='lat' dir='ltr'>ss.</span> <span class='ocrx_word' id='word_1_169' title='bbox 924 2113 1011 2176; x_wconf 71' lang='lat' dir='ltr'>ceph.</span> <span class='ocrx_word' id='word_1_170' title='bbox 1028 2115 1113 2163; x_wconf 85' lang='lat' dir='ltr'>ubila</span> <span class='ocrx_word' id='word_1_171' title='bbox 1125 2116 1212 2178; x_wconf 76' lang='lat' dir='ltr'>Notis,</span> <span class='ocrx_word' id='word_1_172' title='bbox 1231 2119 1335 2181; x_wconf 68' lang='grc' dir='ltr'>μιείμι</span> 
     </span>
     <span class='ocr_line' id='line_1_20' title="bbox 225 2187 1337 2258; baseline 0.003 -18"><span class='ocrx_word' id='word_1_173' title='bbox 225 2196 323 2258; x_wconf 68' lang='lat' dir='ltr'>aperit.</span> <span class='ocrx_word' id='word_1_174' title='bbox 804 2189 905 2240; x_wconf 78' lang='lat' dir='ltr'>ulterius</span> <span class='ocrx_word' id='word_1_175' title='bbox 921 2187 1053 2252; x_wconf 74' lang='lat' dir='ltr'>Editlouis,</span> <span class='ocrx_word' id='word_1_176' title='bbox 1070 2199 1193 2241; x_wconf 72' lang='lat' dir='ltr'>aarum</span> <span class='ocrx_word' id='word_1_177' title='bbox 1208 2200 1236 2242; x_wconf 82' lang='lat' dir='ltr'>et</span> <span class='ocrx_word' id='word_1_178' title='bbox 1253 2195 1337 2243; x_wconf 70' lang='lat' dir='ltr'>effect!</span> 
     </span>
     <span class='ocr_line' id='line_1_21' title="bbox 271 2267 1291 2333; baseline -0.003 -13"><span class='ocrx_word' id='word_1_179' title='bbox 271 2270 358 2321; x_wconf 69' lang='lat' dir='ltr'>&#39;Aliis</span> <span class='ocrx_word' id='word_1_180' title='bbox 370 2271 474 2333; x_wconf 79' lang='lat' dir='ltr'>leporem</span> <span class='ocrx_word' id='word_1_181' title='bbox 488 2268 610 2330; x_wconf 67' lang='lat' dir='ltr'>adtaeh‘]</span> <span class='ocrx_word' id='word_1_182' title='bbox 630 2269 677 2318; x_wconf 85' lang='lat' dir='ltr'>Est</span> <span class='ocrx_word' id='word_1_183' title='bbox 691 2269 758 2331; x_wconf 86' lang='lat' dir='ltr'>apud</span> <span class='ocrx_word' id='word_1_184' title='bbox 804 2267 858 2329; x_wconf 75' lang='lat' dir='ltr'>ejus</span> <span class='ocrx_word' id='word_1_185' title='bbox 867 2269 1004 2314; x_wconf 72' lang='lat' dir='ltr'>accuratius</span> <span class='ocrx_word' id='word_1_186' title='bbox 1014 2271 1191 2330; x_wconf 74' lang='lat' dir='ltr'>exposuimus.</span> <span class='ocrx_word' id='word_1_187' title='bbox 1223 2271 1251 2319; x_wconf 77' lang='lat' dir='ltr'>J.</span> <span class='ocrx_word' id='word_1_188' title='bbox 1261 2271 1291 2319; x_wconf 83' lang='lat' dir='ltr'>B.</span> 
     </span>
     <span class='ocr_line' id='line_1_22' title="bbox 224 2341 1337 2409; baseline -0.004 -13"><span class='ocrx_word' id='word_1_189' title='bbox 224 2347 376 2396; x_wconf 81' lang='lat' dir='ltr'>Petronium.</span> <span class='ocrx_word' id='word_1_190' title='bbox 411 2346 487 2409; x_wconf 84' lang='lat' dir='ltr'>(Cap.</span> <span class='ocrx_word' id='word_1_191' title='bbox 505 2348 559 2394; x_wconf 84' lang='lat'><strong>131.</strong></span> <span class='ocrx_word' id='word_1_192' title='bbox 587 2345 638 2394; x_wconf 80' lang='lat' dir='ltr'>Ed.</span> <span class='ocrx_word' id='word_1_193' title='bbox 657 2344 759 2406; x_wconf 77' lang='grc' dir='ltr'>Βιιηιι.)</span> <span class='ocrx_word' id='word_1_194' title='bbox 849 2351 862 2386; x_wconf 72' lang='grc' dir='ltr'>ι</span> <span class='ocrx_word' id='word_1_195' title='bbox 877 2341 1004 2402; x_wconf 78' lang='lat' dir='ltr'>Sapienter</span> <span class='ocrx_word' id='word_1_196' title='bbox 1014 2344 1201 2404; x_wconf 65' lang='lat' dir='ltr'>ethrinam,</span> <span class='ocrx_word' id='word_1_197' title='bbox 1211 2347 1337 2395; x_wconf 67' lang='lat' dir='ltr'>abillon-</span> 
     </span>
     <span class='ocr_line' id='line_1_23' title="bbox 226 2416 1337 2482; baseline -0.005 -9"><span class='ocrx_word' id='word_1_198' title='bbox 226 2423 329 2474; x_wconf 82' lang='lat' dir='ltr'>0sldius</span> <span class='ocrx_word' id='word_1_199' title='bbox 343 2423 408 2482; x_wconf 80' lang='lat' dir='ltr'>(Art.</span> <span class='ocrx_word' id='word_1_200' title='bbox 417 2423 473 2470; x_wconf 74' lang='lat' dir='ltr'>Am.</span> <span class='ocrx_word' id='word_1_201' title='bbox 483 2433 526 2469; x_wconf 87' lang='grc' dir='ltr'>ιιι.</span> <span class='ocrx_word' id='word_1_202' title='bbox 536 2421 604 2481; x_wconf 67' lang='lat' dir='ltr'>idn:</span> <span class='ocrx_word' id='word_1_203' title='bbox 805 2417 848 2465; x_wconf 74' lang='lat' dir='ltr'>ecs</span> <span class='ocrx_word' id='word_1_204' title='bbox 859 2416 1024 2478; x_wconf 62' lang='lat' dir='ltr'>adpendere,</span> <span class='ocrx_word' id='word_1_205' title='bbox 1037 2432 1096 2479; x_wconf 80' lang='lat' dir='ltr'>quoe</span> <span class='ocrx_word' id='word_1_206' title='bbox 1104 2421 1160 2468; x_wconf 77' lang='lat' dir='ltr'>sine</span> <span class='ocrx_word' id='word_1_207' title='bbox 1171 2421 1263 2468; x_wconf 73' lang='grc' dir='ltr'>ἀαιιιιο</span> <span class='ocrx_word' id='word_1_208' title='bbox 1272 2421 1337 2480; x_wconf 71' lang='grc' dir='ltr'>εηίι·</span> 
     </span>
     <span class='ocr_line' id='line_1_24' title="bbox 294 2491 1338 2556; baseline 0.005 -18"><span class='ocrx_word' id='word_1_209' title='bbox 294 2497 322 2538; x_wconf 75' lang='lat' dir='ltr'>Bt</span> <span class='ocrx_word' id='word_1_210' title='bbox 333 2497 393 2548; x_wconf 78' lang='lat' dir='ltr'>lepus</span> <span class='ocrx_word' id='word_1_211' title='bbox 403 2496 437 2537; x_wconf 84' lang='lat' dir='ltr'>hle</span> <span class='ocrx_word' id='word_1_212' title='bbox 447 2497 493 2538; x_wconf 79' lang='lat' dir='ltr'>ultls</span> <span class='ocrx_word' id='word_1_213' title='bbox 504 2497 619 2545; x_wconf 60' lang='lat' dir='ltr'>curtatus</span> <span class='ocrx_word' id='word_1_214' title='bbox 629 2496 675 2537; x_wconf 79' lang='lat' dir='ltr'>erit</span> <span class='ocrx_word' id='word_1_215' title='bbox 805 2505 876 2554; x_wconf 71' lang='lat' dir='ltr'>quam</span> <span class='ocrx_word' id='word_1_216' title='bbox 886 2491 959 2539; x_wconf 69' lang='lat' dir='ltr'>imbue·</span> <span class='ocrx_word' id='word_1_217' title='bbox 964 2493 1080 2556; x_wconf 64' lang='lat' dir='ltr'>macac]</span> <span class='ocrx_word' id='word_1_218' title='bbox 1105 2495 1157 2542; x_wconf 82' lang='lat' dir='ltr'>Sed</span> <span class='ocrx_word' id='word_1_219' title='bbox 1165 2496 1200 2544; x_wconf 78' lang='lat' dir='ltr'>ds</span> <span class='ocrx_word' id='word_1_220' title='bbox 1210 2498 1295 2545; x_wconf 70' lang='lat' dir='ltr'>rimoso</span> <span class='ocrx_word' id='word_1_221' title='bbox 1302 2509 1338 2543; x_wconf 75' lang='lat' dir='ltr'>u</span> 
     </span>
     <span class='ocr_line' id='line_1_25' title="bbox 224 2559 1338 2629; baseline 0.004 -18"><span class='ocrx_word' id='word_1_222' title='bbox 224 2562 440 2625; x_wconf 77' lang='lat' dir='ltr'>Langobardorum</span> <span class='ocrx_word' id='word_1_223' title='bbox 451 2562 515 2621; x_wconf 84' lang='lat' dir='ltr'>jure,</span> <span class='ocrx_word' id='word_1_224' title='bbox 526 2561 569 2621; x_wconf 87' lang='lat' dir='ltr'>qni</span> <span class='ocrx_word' id='word_1_225' title='bbox 578 2562 654 2608; x_wconf 77' lang='lat' dir='ltr'>ieram</span> <span class='ocrx_word' id='word_1_226' title='bbox 664 2561 696 2606; x_wconf 87' lang='lat' dir='ltr'>ab</span> <span class='ocrx_word' id='word_1_227' title='bbox 708 2559 757 2607; x_wconf 85' lang='lat' dir='ltr'>ello</span> <span class='ocrx_word' id='word_1_228' title='bbox 804 2567 876 2629; x_wconf 86' lang='lat' dir='ltr'>hujus</span> <span class='ocrx_word' id='word_1_229' title='bbox 882 2566 945 2628; x_wconf 76' lang='lat' dir='ltr'>juris</span> <span class='ocrx_word' id='word_1_230' title='bbox 954 2567 1009 2614; x_wconf 78' lang='lat' dir='ltr'>ride</span> <span class='ocrx_word' id='word_1_231' title='bbox 1017 2569 1232 2619; x_wconf 75' lang='lat' dir='ltr'>sarisberiensem</span> <span class='ocrx_word' id='word_1_232' title='bbox 1240 2574 1338 2621; x_wconf 71' lang='lat' dir='ltr'>Pelias·</span> 
     </span>
     <span class='ocr_line' id='line_1_26' title="bbox 224 2637 1044 2703; baseline 0.005 -17"><span class='ocrx_word' id='word_1_233' title='bbox 224 2639 375 2686; x_wconf 70' lang='lat' dir='ltr'>vulneratam</span> <span class='ocrx_word' id='word_1_234' title='bbox 392 2637 482 2684; x_wconf 80' lang='lat' dir='ltr'>oceidit</span> <span class='ocrx_word' id='word_1_235' title='bbox 497 2641 541 2683; x_wconf 82' lang='lat' dir='ltr'>sut</span> <span class='ocrx_word' id='word_1_236' title='bbox 558 2637 657 2697; x_wconf 86' lang='lat' dir='ltr'>reperit,</span> <span class='ocrx_word' id='word_1_237' title='bbox 676 2637 757 2684; x_wconf 77' lang='lat' dir='ltr'>aufert</span> <span class='ocrx_word' id='word_1_238' title='bbox 804 2642 859 2699; x_wconf 72' lang='lat' dir='ltr'>eleo,</span> <span class='ocrx_word' id='word_1_239' title='bbox 871 2641 934 2701; x_wconf 82' lang='lat' dir='ltr'>(Lib.</span> <span class='ocrx_word' id='word_1_240' title='bbox 946 2655 965 2689; x_wconf 90' lang='grc' dir='ltr'>ι.</span> <span class='ocrx_word' id='word_1_241' title='bbox 976 2656 999 2689; x_wconf 89' lang='grc' dir='ltr'>ο.</span> <span class='ocrx_word' id='word_1_242' title='bbox 1010 2645 1044 2703; x_wconf 79' lang='grc'>4.)</span> 
     </span>
     <span class='ocr_line' id='line_1_27' title="bbox 225 2713 1338 2774; baseline 0.01 -12"><span class='ocrx_word' id='word_1_243' title='bbox 225 2715 338 2762; x_wconf 82' lang='lat' dir='ltr'>dextrum</span> <span class='ocrx_word' id='word_1_244' title='bbox 347 2727 440 2760; x_wconf 80' lang='lat' dir='ltr'>armum</span> <span class='ocrx_word' id='word_1_245' title='bbox 451 2727 506 2760; x_wconf 90' lang='lat' dir='ltr'>cum</span> <span class='ocrx_word' id='word_1_246' title='bbox 517 2719 610 2774; x_wconf 86' lang='lat' dir='ltr'>septem</span> <span class='ocrx_word' id='word_1_247' title='bbox 619 2714 699 2760; x_wconf 84' lang='lat' dir='ltr'>costis.</span> <span class='ocrx_word' id='word_1_248' title='bbox 726 2713 756 2760; x_wconf 92' lang='lat' dir='ltr'>ln</span> <span class='ocrx_word' id='word_1_249' title='bbox 849 2716 1024 2764; x_wconf 72' lang='lat' dir='ltr'>‘Procurator</span> <span class='ocrx_word' id='word_1_250' title='bbox 1040 2718 1085 2766; x_wconf 88' lang='lat' dir='ltr'>ille</span> <span class='ocrx_word' id='word_1_251' title='bbox 1102 2734 1155 2768; x_wconf 88' lang='lat' dir='ltr'>uon</span> <span class='ocrx_word' id='word_1_252' title='bbox 1170 2728 1229 2771; x_wconf 77' lang='lat' dir='ltr'>erat</span> <span class='ocrx_word' id='word_1_253' title='bbox 1244 2729 1338 2772; x_wconf 78' lang='lat' dir='ltr'>retem</span> 
     </span>
     <span class='ocr_line' id='line_1_28' title="bbox 224 2788 1339 2862; baseline 0.004 -25"><span class='ocrx_word' id='word_1_254' title='bbox 224 2791 318 2850; x_wconf 87' lang='lat' dir='ltr'>reliqua</span> <span class='ocrx_word' id='word_1_255' title='bbox 327 2790 348 2836; x_wconf 86' lang='lat' dir='ltr'>is</span> <span class='ocrx_word' id='word_1_256' title='bbox 358 2789 400 2850; x_wconf 91' lang='lat' dir='ltr'>qui</span> <span class='ocrx_word' id='word_1_257' title='bbox 415 2788 550 2835; x_wconf 82' lang='lat' dir='ltr'>vulneravit</span> <span class='ocrx_word' id='word_1_258' title='bbox 561 2788 602 2849; x_wconf 87' lang='lat' dir='ltr'>jus</span> <span class='ocrx_word' id='word_1_259' title='bbox 617 2789 698 2846; x_wconf 86' lang='lat' dir='ltr'>habet,</span> <span class='ocrx_word' id='word_1_260' title='bbox 714 2789 757 2836; x_wconf 87' lang='lat' dir='ltr'>sed</span> <span class='ocrx_word' id='word_1_261' title='bbox 805 2793 901 2855; x_wconf 74' lang='lat' dir='ltr'>Regum</span> <span class='ocrx_word' id='word_1_262' title='bbox 909 2793 1013 2855; x_wconf 75' lang='lat' dir='ltr'>AEgypti</span> <span class='ocrx_word' id='word_1_263' title='bbox 1023 2794 1149 2853; x_wconf 82' lang='lat' dir='ltr'>minister,</span> <span class='ocrx_word' id='word_1_264' title='bbox 1160 2800 1339 2862; x_wconf 69' lang='lat' dir='ltr'>sedlmpemo.</span> 
     </span>
     <span class='ocr_line' id='line_1_29' title="bbox 225 2864 1339 2940; baseline 0.013 -28"><span class='ocrx_word' id='word_1_265' title='bbox 225 2879 274 2912; x_wconf 88' lang='lat' dir='ltr'>non</span> <span class='ocrx_word' id='word_1_266' title='bbox 285 2866 330 2911; x_wconf 88' lang='lat' dir='ltr'>nisi</span> <span class='ocrx_word' id='word_1_267' title='bbox 341 2865 405 2910; x_wconf 85' lang='lat' dir='ltr'>intra</span> <span class='ocrx_word' id='word_1_268' title='bbox 415 2864 487 2910; x_wconf 89' lang='lat' dir='ltr'>horas</span> <span class='ocrx_word' id='word_1_269' title='bbox 502 2877 576 2911; x_wconf 83' lang='lat' dir='ltr'>xxrr.</span> <span class='ocrx_word' id='word_1_270' title='bbox 593 2864 659 2925; x_wconf 86' lang='lat' dir='ltr'>(Lib.</span> <span class='ocrx_word' id='word_1_271' title='bbox 670 2877 688 2912; x_wconf 86' lang='grc' dir='ltr'>ι.</span> <span class='ocrx_word' id='word_1_272' title='bbox 706 2865 756 2913; x_wconf 79' lang='lat' dir='ltr'>&#39;ric</span> <span class='ocrx_word' id='word_1_273' title='bbox 804 2884 860 2916; x_wconf 88' lang='lat' dir='ltr'>rum</span> <span class='ocrx_word' id='word_1_274' title='bbox 876 2871 1051 2928; x_wconf 81' lang='lat' dir='ltr'>Romanorum,</span> <span class='ocrx_word' id='word_1_275' title='bbox 1068 2887 1101 2919; x_wconf 87' lang='lat' dir='ltr'>ex</span> <span class='ocrx_word' id='word_1_276' title='bbox 1117 2888 1149 2921; x_wconf 83' lang='lat' dir='ltr'>eo</span> <span class='ocrx_word' id='word_1_277' title='bbox 1167 2880 1283 2940; x_wconf 84' lang='lat' dir='ltr'>tempore</span> <span class='ocrx_word' id='word_1_278' title='bbox 1294 2893 1339 2925; x_wconf 84' lang='lat' dir='ltr'>cou-</span> 
     </span>
     <span class='ocr_line' id='line_1_30' title="bbox 224 2939 1339 3016; baseline 0.009 -23"><span class='ocrx_word' id='word_1_279' title='bbox 224 2941 281 2989; x_wconf 79' lang='lat' dir='ltr'>xxll·</span> <span class='ocrx_word' id='word_1_280' title='bbox 294 2941 355 3002; x_wconf 65' lang='lat'><strong>1128·</strong></span> <span class='ocrx_word' id='word_1_281' title='bbox 365 2944 389 3001; x_wconf 80' lang='lat'>4,</span> <span class='ocrx_word' id='word_1_282' title='bbox 398 2939 435 3000; x_wconf 83' lang='lat'>6·)</span> <span class='ocrx_word' id='word_1_283' title='bbox 805 2946 913 3006; x_wconf 86' lang='lat' dir='ltr'>stitutus,</span> <span class='ocrx_word' id='word_1_284' title='bbox 923 2960 972 3007; x_wconf 88' lang='lat' dir='ltr'>quo</span> <span class='ocrx_word' id='word_1_285' title='bbox 982 2946 1007 2993; x_wconf 89' lang='lat' dir='ltr'>ln</span> <span class='ocrx_word' id='word_1_286' title='bbox 1018 2947 1128 2996; x_wconf 76' lang='lat' dir='ltr'>sormam</span> <span class='ocrx_word' id='word_1_287' title='bbox 1139 2954 1277 3012; x_wconf 66' lang='lat' dir='ltr'>pruvincia</span> <span class='ocrx_word' id='word_1_288' title='bbox 1285 2956 1339 3016; x_wconf 79' lang='lat' dir='ltr'>regio</span> 
     </span>
    </p>
   </div>
   <div class='ocr_carea' id='block_1_9' title="bbox 216 3189 1342 4491">
    <p class='ocr_par' dir='ltr' id='par_1_16' title="bbox 224 3189 1341 3426">
     <span class='ocr_line' id='line_1_31' title="bbox 226 3189 1340 3277; baseline 0.007 -29"><span class='ocrx_word' id='word_1_289' title='bbox 226 3189 309 3248; x_wconf 90' lang='lat' dir='ltr'>other</span> <span class='ocrx_word' id='word_1_290' title='bbox 321 3189 469 3247; x_wconf 81' lang='lat' dir='ltr'>evidence:</span> <span class='ocrx_word' id='word_1_291' title='bbox 489 3207 520 3247; x_wconf 86' lang='lat' dir='ltr'>as</span> <span class='ocrx_word' id='word_1_292' title='bbox 535 3191 561 3246; x_wconf 81' lang='lat' dir='ltr'>if</span> <span class='ocrx_word' id='word_1_293' title='bbox 572 3189 622 3247; x_wconf 87' lang='lat' dir='ltr'>the</span> <span class='ocrx_word' id='word_1_294' title='bbox 636 3191 717 3249; x_wconf 84' lang='lat' dir='ltr'>beust</span> <span class='ocrx_word' id='word_1_295' title='bbox 733 3193 771 3251; x_wconf 91' lang='grc' dir='ltr'>ιο</span> <span class='ocrx_word' id='word_1_296' title='bbox 785 3195 905 3263; x_wconf 63' lang='lat' dir='ltr'>mecho,</span> <span class='ocrx_word' id='word_1_297' title='bbox 923 3212 956 3252; x_wconf 92' lang='lat' dir='ltr'>or</span> <span class='ocrx_word' id='word_1_298' title='bbox 967 3195 1041 3253; x_wconf 83' lang='lat' dir='ltr'>hare</span> <span class='ocrx_word' id='word_1_299' title='bbox 1055 3214 1074 3252; x_wconf 92' lang='lat' dir='ltr'>a</span> <span class='ocrx_word' id='word_1_300' title='bbox 1089 3197 1152 3256; x_wconf 89' lang='lat' dir='ltr'>bell</span> <span class='ocrx_word' id='word_1_301' title='bbox 1169 3200 1255 3277; x_wconf 78' lang='lat' dir='ltr'>hung</span> <span class='ocrx_word' id='word_1_302' title='bbox 1269 3210 1299 3259; x_wconf 88' lang='lat' dir='ltr'>to</span> <span class='ocrx_word' id='word_1_303' title='bbox 1312 3203 1340 3266; x_wconf 82' lang='lat' dir='ltr'>it3</span> 
     </span>
     <span class='ocr_line' id='line_1_32' title="bbox 225 3278 1341 3362; baseline 0.013 -28"><span class='ocrx_word' id='word_1_304' title='bbox 225 3295 256 3334; x_wconf 85' lang='lat' dir='ltr'>ss</span> <span class='ocrx_word' id='word_1_305' title='bbox 273 3294 316 3334; x_wconf 82' lang='lat' dir='ltr'>we</span> <span class='ocrx_word' id='word_1_306' title='bbox 333 3279 416 3334; x_wconf 80' lang='lat' dir='ltr'>know</span> <span class='ocrx_word' id='word_1_307' title='bbox 431 3278 494 3333; x_wconf 89' lang='lat' dir='ltr'>that</span> <span class='ocrx_word' id='word_1_308' title='bbox 508 3279 577 3334; x_wconf 91' lang='lat' dir='ltr'>deor</span> <span class='ocrx_word' id='word_1_309' title='bbox 591 3279 648 3333; x_wconf 86' lang='lat' dir='ltr'>and</span> <span class='ocrx_word' id='word_1_310' title='bbox 669 3280 764 3338; x_wconf 82' lang='lat' dir='ltr'>huwks</span> <span class='ocrx_word' id='word_1_311' title='bbox 785 3283 858 3341; x_wconf 81' lang='lat' dir='ltr'>hare</span> <span class='ocrx_word' id='word_1_312' title='bbox 876 3285 1040 3341; x_wconf 86' lang='lat' dir='ltr'>sometimes</span> <span class='ocrx_word' id='word_1_313' title='bbox 1062 3283 1134 3353; x_wconf 88' lang='lat' dir='ltr'>had,</span> <span class='ocrx_word' id='word_1_314' title='bbox 1148 3290 1214 3345; x_wconf 85' lang='lat' dir='ltr'>aud</span> <span class='ocrx_word' id='word_1_315' title='bbox 1234 3290 1341 3362; x_wconf 64' lang='lat' dir='ltr'>thercby</span> 
     </span>
     <span class='ocr_line' id='line_1_33' title="bbox 224 3364 767 3426; baseline 0.011 -6"><span class='ocrx_word' id='word_1_316' title='bbox 224 3364 297 3421; x_wconf 82' lang='lat' dir='ltr'>hare</span> <span class='ocrx_word' id='word_1_317' title='bbox 312 3364 385 3420; x_wconf 89' lang='lat' dir='ltr'>hecn</span> <span class='ocrx_word' id='word_1_318' title='bbox 400 3366 526 3421; x_wconf 89' lang='lat' dir='ltr'>restored</span> <span class='ocrx_word' id='word_1_319' title='bbox 540 3373 570 3420; x_wconf 96' lang='grc' dir='ltr'>ιο</span> <span class='ocrx_word' id='word_1_320' title='bbox 585 3366 635 3421; x_wconf 90' lang='lat' dir='ltr'>the</span> <span class='ocrx_word' id='word_1_321' title='bbox 649 3383 767 3426; x_wconf 75' lang='lat' dir='ltr'>omneis.</span> 
     </span>
    </p>

    <p class='ocr_par' dir='ltr' id='par_1_17' title="bbox 223 3453 1342 3786">
     <span class='ocr_line' id='line_1_34' title="bbox 279 3453 1342 3539; baseline 0.01 -31"><span class='ocrx_word' id='word_1_322' title='bbox 279 3453 365 3508; x_wconf 84' lang='lat' dir='ltr'>Some</span> <span class='ocrx_word' id='word_1_323' title='bbox 378 3453 523 3524; x_wconf 85' lang='lat' dir='ltr'>corpereal</span> <span class='ocrx_word' id='word_1_324' title='bbox 537 3455 694 3525; x_wconf 81' lang='lat' dir='ltr'>possession</span> <span class='ocrx_word' id='word_1_325' title='bbox 710 3456 733 3509; x_wconf 92' lang='lat' dir='ltr'>is</span> <span class='ocrx_word' id='word_1_326' title='bbox 745 3456 877 3527; x_wconf 86' lang='lat' dir='ltr'>required</span> <span class='ocrx_word' id='word_1_327' title='bbox 889 3463 920 3513; x_wconf 90' lang='grc' dir='ltr'>ιο</span> <span class='ocrx_word' id='word_1_328' title='bbox 932 3457 1016 3514; x_wconf 80' lang='lat' dir='ltr'>male</span> <span class='ocrx_word' id='word_1_329' title='bbox 1028 3456 1079 3515; x_wconf 87' lang='lat' dir='ltr'>the</span> <span class='ocrx_word' id='word_1_330' title='bbox 1093 3463 1266 3539; x_wconf 79' lang='lat' dir='ltr'>ownership</span> <span class='ocrx_word' id='word_1_331' title='bbox 1278 3481 1342 3522; x_wconf 87' lang='lat' dir='ltr'>com·</span> 
     </span>
     <span class='ocr_line' id='line_1_35' title="bbox 223 3539 1341 3619; baseline 0.011 -26"><span class='ocrx_word' id='word_1_332' title='bbox 223 3539 318 3613; x_wconf 83' lang='lat' dir='ltr'>plete;</span> <span class='ocrx_word' id='word_1_333' title='bbox 335 3540 392 3594; x_wconf 89' lang='lat' dir='ltr'>aad</span> <span class='ocrx_word' id='word_1_334' title='bbox 412 3539 555 3596; x_wconf 79' lang='lat' dir='ltr'>therefore</span> <span class='ocrx_word' id='word_1_335' title='bbox 574 3541 596 3594; x_wconf 89' lang='lat' dir='ltr'>it</span> <span class='ocrx_word' id='word_1_336' title='bbox 618 3541 641 3596; x_wconf 91' lang='lat' dir='ltr'>is</span> <span class='ocrx_word' id='word_1_337' title='bbox 660 3549 711 3596; x_wconf 93' lang='lat' dir='ltr'>not</span> <span class='ocrx_word' id='word_1_338' title='bbox 733 3542 846 3614; x_wconf 82' lang='lat' dir='ltr'>enough</span> <span class='ocrx_word' id='word_1_339' title='bbox 864 3550 894 3599; x_wconf 90' lang='grc' dir='ltr'>ιο</span> <span class='ocrx_word' id='word_1_340' title='bbox 913 3544 985 3600; x_wconf 86' lang='lat' dir='ltr'>hore</span> <span class='ocrx_word' id='word_1_341' title='bbox 999 3547 1146 3603; x_wconf 82' lang='lat' dir='ltr'>wounded</span> <span class='ocrx_word' id='word_1_342' title='bbox 1163 3549 1260 3619; x_wconf 88' lang='lat' dir='ltr'>them,</span> <span class='ocrx_word' id='word_1_343' title='bbox 1280 3552 1341 3608; x_wconf 82' lang='lat' dir='ltr'>usis</span> 
     </span>
     <span class='ocr_line' id='line_1_36' title="bbox 223 3625 1341 3710; baseline 0.012 -29"><span class='ocrx_word' id='word_1_344' title='bbox 223 3626 330 3699; x_wconf 78' lang='lat' dir='ltr'>rightly</span> <span class='ocrx_word' id='word_1_345' title='bbox 349 3625 427 3692; x_wconf 91' lang='lat' dir='ltr'>held,</span> <span class='ocrx_word' id='word_1_346' title='bbox 449 3628 479 3680; x_wconf 88' lang='lat' dir='ltr'>in</span> <span class='ocrx_word' id='word_1_347' title='bbox 498 3629 659 3699; x_wconf 79' lang='lat' dir='ltr'>appositior</span> <span class='ocrx_word' id='word_1_348' title='bbox 680 3635 710 3683; x_wconf 91' lang='grc' dir='ltr'>ιο</span> <span class='ocrx_word' id='word_1_349' title='bbox 733 3629 891 3687; x_wconf 78' lang='lat' dir='ltr'>Trebatius.</span> <span class='ocrx_word' id='word_1_350' title='bbox 927 3631 1026 3688; x_wconf 86' lang='lat' dir='ltr'>Hence</span> <span class='ocrx_word' id='word_1_351' title='bbox 1048 3631 1101 3689; x_wconf 87' lang='lat' dir='ltr'>the</span> <span class='ocrx_word' id='word_1_352' title='bbox 1126 3640 1269 3710; x_wconf 75' lang='lat' dir='ltr'>proverb,</span> <span class='ocrx_word' id='word_1_353' title='bbox 1294 3639 1341 3694; x_wconf 77' lang='grc' dir='ltr'>ιὀι</span> 
     </span>
     <span class='ocr_line' id='line_1_37' title="bbox 223 3715 980 3786; baseline 0.005 -16"><span class='ocrx_word' id='word_1_354' title='bbox 223 3716 328 3770; x_wconf 83' lang='lat' dir='ltr'>started</span> <span class='ocrx_word' id='word_1_355' title='bbox 341 3715 383 3770; x_wconf 81' lang='lat' dir='ltr'>the</span> <span class='ocrx_word' id='word_1_356' title='bbox 397 3715 463 3769; x_wconf 84' lang='lat' dir='ltr'>hore</span> <span class='ocrx_word' id='word_1_357' title='bbox 470 3716 524 3786; x_wconf 76' lang='lat' dir='ltr'>fhr</span> <span class='ocrx_word' id='word_1_358' title='bbox 538 3716 594 3768; x_wconf 83' lang='lat' dir='ltr'>him</span> <span class='ocrx_word' id='word_1_359' title='bbox 609 3725 635 3770; x_wconf 83' lang='grc' dir='ltr'>ιο</span> <span class='ocrx_word' id='word_1_360' title='bbox 650 3717 734 3771; x_wconf 81' lang='lat' dir='ltr'>catch.</span> <span class='ocrx_word' id='word_1_361' title='bbox 772 3717 837 3773; x_wconf 82' lang='lat' dir='ltr'>And</span> <span class='ocrx_word' id='word_1_362' title='bbox 852 3735 883 3774; x_wconf 90' lang='lat' dir='ltr'>so</span> <span class='ocrx_word' id='word_1_363' title='bbox 899 3717 980 3776; x_wconf 80' lang='lat' dir='ltr'>ovid.</span> 
     </span>
    </p>

    <p class='ocr_par' dir='ltr' id='par_1_18' title="bbox 221 3801 1342 4222">
     <span class='ocr_line' id='line_1_38' title="bbox 281 3801 1342 3884; baseline 0.013 -28"><span class='ocrx_word' id='word_1_364' title='bbox 281 3802 331 3856; x_wconf 85' lang='lat' dir='ltr'>lV.</span> <span class='ocrx_word' id='word_1_365' title='bbox 370 3801 428 3856; x_wconf 85' lang='lat' dir='ltr'>But</span> <span class='ocrx_word' id='word_1_366' title='bbox 441 3818 458 3855; x_wconf 90' lang='lat' dir='ltr'>a</span> <span class='ocrx_word' id='word_1_367' title='bbox 470 3803 627 3873; x_wconf 86' lang='lat' dir='ltr'>possession</span> <span class='ocrx_word' id='word_1_368' title='bbox 637 3803 727 3858; x_wconf 80' lang='lat' dir='ltr'>which</span> <span class='ocrx_word' id='word_1_369' title='bbox 740 3804 817 3875; x_wconf 80' lang='lat' dir='ltr'>gircs</span> <span class='ocrx_word' id='word_1_370' title='bbox 830 3806 988 3880; x_wconf 83' lang='lat' dir='ltr'>owncrship</span> <span class='ocrx_word' id='word_1_371' title='bbox 1003 3823 1071 3880; x_wconf 83' lang='lat' dir='ltr'>may</span> <span class='ocrx_word' id='word_1_372' title='bbox 1083 3806 1124 3865; x_wconf 91' lang='lat' dir='ltr'>be</span> <span class='ocrx_word' id='word_1_373' title='bbox 1136 3813 1291 3884; x_wconf 88' lang='lat' dir='ltr'>acquired,</span> <span class='ocrx_word' id='word_1_374' title='bbox 1300 3818 1342 3870; x_wconf 88' lang='lat' dir='ltr'>not</span> 
     </span>
     <span class='ocr_line' id='line_1_39' title="bbox 221 3887 1341 3966; baseline 0.012 -22"><span class='ocrx_word' id='word_1_375' title='bbox 221 3887 260 3962; x_wconf 81' lang='lat' dir='ltr'>by</span> <span class='ocrx_word' id='word_1_376' title='bbox 270 3889 319 3944; x_wconf 90' lang='lat' dir='ltr'>the</span> <span class='ocrx_word' id='word_1_377' title='bbox 333 3887 423 3942; x_wconf 89' lang='lat' dir='ltr'>hands</span> <span class='ocrx_word' id='word_1_378' title='bbox 438 3889 530 3952; x_wconf 87' lang='lat' dir='ltr'>alono,</span> <span class='ocrx_word' id='word_1_379' title='bbox 544 3888 598 3943; x_wconf 89' lang='lat' dir='ltr'>but</span> <span class='ocrx_word' id='word_1_380' title='bbox 615 3889 653 3962; x_wconf 70' lang='lat' dir='ltr'>by</span> <span class='ocrx_word' id='word_1_381' title='bbox 665 3891 856 3957; x_wconf 80' lang='lat' dir='ltr'>instrumente,</span> <span class='ocrx_word' id='word_1_382' title='bbox 871 3909 900 3948; x_wconf 87' lang='lat' dir='ltr'>os</span> <span class='ocrx_word' id='word_1_383' title='bbox 917 3900 1002 3966; x_wconf 87' lang='lat' dir='ltr'>traps,</span> <span class='ocrx_word' id='word_1_384' title='bbox 1017 3911 1127 3960; x_wconf 88' lang='lat' dir='ltr'>suares,</span> <span class='ocrx_word' id='word_1_385' title='bbox 1142 3906 1227 3964; x_wconf 70' lang='lat' dir='ltr'>netsr</span> <span class='ocrx_word' id='word_1_386' title='bbox 1244 3919 1283 3956; x_wconf 90' lang='lat' dir='ltr'>on</span> <span class='ocrx_word' id='word_1_387' title='bbox 1297 3910 1341 3956; x_wconf 77' lang='lat' dir='ltr'>tm</span> 
     </span>
     <span class='ocr_line' id='line_1_40' title="bbox 221 3975 1341 4052; baseline 0.008 -20"><span class='ocrx_word' id='word_1_388' title='bbox 221 3976 399 4041; x_wconf 66' lang='lat' dir='ltr'>conuitiorum</span> <span class='ocrx_word' id='word_1_389' title='bbox 418 3976 487 4040; x_wconf 82' lang='lat' dir='ltr'>first,</span> <span class='ocrx_word' id='word_1_390' title='bbox 498 3975 561 4030; x_wconf 85' lang='lat' dir='ltr'>that</span> <span class='ocrx_word' id='word_1_391' title='bbox 576 3976 625 4032; x_wconf 89' lang='lat' dir='ltr'>the</span> <span class='ocrx_word' id='word_1_392' title='bbox 638 3978 821 4034; x_wconf 86' lang='lat' dir='ltr'>instrumente</span> <span class='ocrx_word' id='word_1_393' title='bbox 836 3979 872 4034; x_wconf 91' lang='lat' dir='ltr'>he</span> <span class='ocrx_word' id='word_1_394' title='bbox 886 3979 915 4034; x_wconf 93' lang='lat' dir='ltr'>in</span> <span class='ocrx_word' id='word_1_395' title='bbox 928 3996 981 4035; x_wconf 91' lang='lat' dir='ltr'>our</span> <span class='ocrx_word' id='word_1_396' title='bbox 995 3997 1110 4052; x_wconf 69' lang='lat' dir='ltr'>powerr</span> <span class='ocrx_word' id='word_1_397' title='bbox 1128 3996 1214 4052; x_wconf 85' lang='lat' dir='ltr'>next,</span> <span class='ocrx_word' id='word_1_398' title='bbox 1228 3987 1292 4044; x_wconf 86' lang='lat' dir='ltr'>that</span> <span class='ocrx_word' id='word_1_399' title='bbox 1302 3987 1341 4044; x_wconf 83' lang='lat' dir='ltr'>the</span> 
     </span>
     <span class='ocr_line' id='line_1_41' title="bbox 222 4062 1340 4142; baseline 0.009 -22"><span class='ocrx_word' id='word_1_400' title='bbox 222 4070 352 4120; x_wconf 85' lang='lat' dir='ltr'>creature</span> <span class='ocrx_word' id='word_1_401' title='bbox 367 4063 403 4118; x_wconf 91' lang='lat' dir='ltr'>be</span> <span class='ocrx_word' id='word_1_402' title='bbox 419 4080 451 4118; x_wconf 87' lang='lat' dir='ltr'>so</span> <span class='ocrx_word' id='word_1_403' title='bbox 468 4062 572 4134; x_wconf 81' lang='lat' dir='ltr'>caught</span> <span class='ocrx_word' id='word_1_404' title='bbox 587 4063 650 4119; x_wconf 82' lang='lat' dir='ltr'>that</span> <span class='ocrx_word' id='word_1_405' title='bbox 664 4064 701 4121; x_wconf 87' lang='lat' dir='ltr'>ho</span> <span class='ocrx_word' id='word_1_406' title='bbox 717 4072 821 4121; x_wconf 88' lang='lat' dir='ltr'>cannot</span> <span class='ocrx_word' id='word_1_407' title='bbox 838 4082 948 4139; x_wconf 86' lang='lat' dir='ltr'>escape.</span> <span class='ocrx_word' id='word_1_408' title='bbox 984 4067 1050 4122; x_wconf 82' lang='lat' dir='ltr'>llud</span> <span class='ocrx_word' id='word_1_409' title='bbox 1065 4067 1106 4142; x_wconf 75' lang='lat' dir='ltr'>by</span> <span class='ocrx_word' id='word_1_410' title='bbox 1119 4069 1182 4128; x_wconf 92' lang='lat' dir='ltr'>this</span> <span class='ocrx_word' id='word_1_411' title='bbox 1202 4075 1268 4132; x_wconf 91' lang='lat' dir='ltr'>rule</span> <span class='ocrx_word' id='word_1_412' title='bbox 1280 4078 1303 4132; x_wconf 86' lang='lat' dir='ltr'>is</span> <span class='ocrx_word' id='word_1_413' title='bbox 1317 4081 1340 4130; x_wconf 86' lang='lat' dir='ltr'>to</span> 
     </span>
     <span class='ocr_line' id='line_1_42' title="bbox 221 4149 1222 4222; baseline 0.01 -16"><span class='ocrx_word' id='word_1_414' title='bbox 221 4149 258 4206; x_wconf 94' lang='lat' dir='ltr'>be</span> <span class='ocrx_word' id='word_1_415' title='bbox 271 4150 390 4205; x_wconf 89' lang='lat' dir='ltr'>docidcd</span> <span class='ocrx_word' id='word_1_416' title='bbox 405 4149 453 4206; x_wconf 89' lang='lat' dir='ltr'>tho</span> <span class='ocrx_word' id='word_1_417' title='bbox 466 4151 595 4222; x_wconf 89' lang='lat' dir='ltr'>question</span> <span class='ocrx_word' id='word_1_418' title='bbox 610 4152 644 4206; x_wconf 83' lang='lat' dir='ltr'>os</span> <span class='ocrx_word' id='word_1_419' title='bbox 657 4152 705 4208; x_wconf 87' lang='lat' dir='ltr'>tho</span> <span class='ocrx_word' id='word_1_420' title='bbox 717 4153 789 4209; x_wconf 87' lang='lat' dir='ltr'>bour</span> <span class='ocrx_word' id='word_1_421' title='bbox 804 4153 894 4208; x_wconf 72' lang='lat' dir='ltr'>which</span> <span class='ocrx_word' id='word_1_422' title='bbox 910 4154 958 4209; x_wconf 84' lang='lat' dir='ltr'>fon</span> <span class='ocrx_word' id='word_1_423' title='bbox 976 4155 1037 4210; x_wconf 90' lang='lat' dir='ltr'>into</span> <span class='ocrx_word' id='word_1_424' title='bbox 1053 4155 1105 4212; x_wconf 91' lang='lat' dir='ltr'>tho</span> <span class='ocrx_word' id='word_1_425' title='bbox 1119 4175 1222 4218; x_wconf 84' lang='lat' dir='ltr'>snare.</span> 
     </span>
    </p>

    <p class='ocr_par' dir='ltr' id='par_1_19' title="bbox 216 4237 1338 4491">
     <span class='ocr_line' id='line_1_43' title="bbox 279 4237 1338 4320; baseline 0.016 -31"><span class='ocrx_word' id='word_1_426' title='bbox 279 4237 315 4292; x_wconf 87' lang='lat' dir='ltr'>V.</span> <span class='ocrx_word' id='word_1_427' title='bbox 354 4237 422 4291; x_wconf 85' lang='lat' dir='ltr'>This</span> <span class='ocrx_word' id='word_1_428' title='bbox 441 4238 464 4292; x_wconf 94' lang='lat' dir='ltr'>is</span> <span class='ocrx_word' id='word_1_429' title='bbox 484 4237 533 4292; x_wconf 89' lang='lat' dir='ltr'>tho</span> <span class='ocrx_word' id='word_1_430' title='bbox 548 4237 619 4303; x_wconf 83' lang='lat' dir='ltr'>rulo,</span> <span class='ocrx_word' id='word_1_431' title='bbox 637 4240 662 4294; x_wconf 89' lang='lat' dir='ltr'>if</span> <span class='ocrx_word' id='word_1_432' title='bbox 681 4257 718 4295; x_wconf 90' lang='lat' dir='ltr'>no</span> <span class='ocrx_word' id='word_1_433' title='bbox 738 4241 810 4296; x_wconf 78' lang='lat' dir='ltr'>civil</span> <span class='ocrx_word' id='word_1_434' title='bbox 832 4241 899 4295; x_wconf 82' lang='lat' dir='ltr'>Lau</span> <span class='ocrx_word' id='word_1_435' title='bbox 921 4241 1087 4297; x_wconf 84' lang='lat' dir='ltr'>intorreno:</span> <span class='ocrx_word' id='word_1_436' title='bbox 1109 4245 1158 4301; x_wconf 81' lang='lat' dir='ltr'>ior</span> <span class='ocrx_word' id='word_1_437' title='bbox 1177 4250 1283 4320; x_wconf 88' lang='lat' dir='ltr'>jurists</span> <span class='ocrx_word' id='word_1_438' title='bbox 1300 4263 1338 4304; x_wconf 74' lang='lat' dir='ltr'>ure</span> 
     </span>
     <span class='ocr_line' id='line_1_44' title="bbox 219 4322 1336 4401; baseline 0.008 -22"><span class='ocrx_word' id='word_1_439' title='bbox 219 4322 305 4380; x_wconf 90' lang='lat' dir='ltr'>much</span> <span class='ocrx_word' id='word_1_440' title='bbox 318 4324 457 4379; x_wconf 87' lang='lat' dir='ltr'>mistaken</span> <span class='ocrx_word' id='word_1_441' title='bbox 472 4324 533 4379; x_wconf 81' lang='lat' dir='ltr'>who</span> <span class='ocrx_word' id='word_1_442' title='bbox 553 4325 633 4380; x_wconf 87' lang='lat' dir='ltr'>think</span> <span class='ocrx_word' id='word_1_443' title='bbox 650 4327 712 4382; x_wconf 81' lang='lat' dir='ltr'>tlrat</span> <span class='ocrx_word' id='word_1_444' title='bbox 730 4329 753 4383; x_wconf 82' lang='lat' dir='ltr'>ic</span> <span class='ocrx_word' id='word_1_445' title='bbox 767 4328 791 4383; x_wconf 85' lang='lat' dir='ltr'>is</span> <span class='ocrx_word' id='word_1_446' title='bbox 810 4346 842 4384; x_wconf 88' lang='lat' dir='ltr'>so</span> <span class='ocrx_word' id='word_1_447' title='bbox 858 4328 1005 4401; x_wconf 79' lang='lat' dir='ltr'>decidedly</span> <span class='ocrx_word' id='word_1_448' title='bbox 1021 4330 1149 4388; x_wconf 79' lang='lat' dir='ltr'>Natural</span> <span class='ocrx_word' id='word_1_449' title='bbox 1162 4335 1237 4392; x_wconf 73' lang='lat' dir='ltr'>Lau</span> <span class='ocrx_word' id='word_1_450' title='bbox 1252 4337 1336 4392; x_wconf 86' lang='lat' dir='ltr'>thotit</span> 
     </span>
     <span class='ocr_line' id='line_1_45' title="bbox 216 4411 1333 4491; baseline 0.009 -19"><span class='ocrx_word' id='word_1_451' title='bbox 216 4420 325 4472; x_wconf 77' lang='lat' dir='ltr'>monol</span> <span class='ocrx_word' id='word_1_452' title='bbox 343 4412 380 4473; x_wconf 80' lang='lat' dir='ltr'>be</span> <span class='ocrx_word' id='word_1_453' title='bbox 395 4411 536 4487; x_wconf 76' lang='lat' dir='ltr'>changed.</span> <span class='ocrx_word' id='word_1_454' title='bbox 578 4413 609 4468; x_wconf 86' lang='lat' dir='ltr'>lt</span> <span class='ocrx_word' id='word_1_455' title='bbox 621 4415 781 4471; x_wconf 69' lang='lat' dir='ltr'>isXatutul</span> <span class='ocrx_word' id='word_1_456' title='bbox 798 4415 874 4482; x_wconf 79' lang='lat' dir='ltr'>Lan,</span> <span class='ocrx_word' id='word_1_457' title='bbox 886 4422 937 4473; x_wconf 90' lang='lat' dir='ltr'>not</span> <span class='ocrx_word' id='word_1_458' title='bbox 952 4415 1065 4491; x_wconf 78' lang='lat' dir='ltr'>simply,</span> <span class='ocrx_word' id='word_1_459' title='bbox 1080 4417 1136 4476; x_wconf 88' lang='lat' dir='ltr'>but</span> <span class='ocrx_word' id='word_1_460' title='bbox 1154 4422 1188 4479; x_wconf 88' lang='lat' dir='ltr'>in</span> <span class='ocrx_word' id='word_1_461' title='bbox 1204 4441 1223 4480; x_wconf 90' lang='lat' dir='ltr'>a</span> <span class='ocrx_word' id='word_1_462' title='bbox 1238 4423 1333 4480; x_wconf 71' lang='lat' dir='ltr'>semaa</span> 
     </span>
    </p>
   </div>
   <div class='ocr_carea' id='block_1_10' title="bbox 0 0 1392 4854">
    <p class='ocr_par' dir='ltr' id='par_1_20' title="bbox 0 0 1392 4854">
     <span class='ocr_line' id='line_1_46' title="bbox 0 0 1392 4854; baseline 0 0"><span class='ocrx_word' id='word_1_463' title='bbox 0 0 1392 4854; x_wconf 95' lang='lat' dir='ltr'> </span> 
     </span>
    </p>
   </div>
  </div>
 </body>
</html>
