2774 4854
84 270 236 344 (univ-1
480 275 525 331 m
547 273 802 334 SUPERIORES.
1138 267 1204 338 187

87 438 184 530 legio,
207 441 263 508 ⁸ut
286 447 359 509 acta
384 462 442 508 nos
461 438 585 519 (locent,
620 439 772 509 militibus
798 441 964 510 constabat
989 437 1092 507 sexies
1115 438 1202 508 mille

86 541 245 609 sexcentis
260 543 427 633 sexaginta
450 564 507 608 sex
525 541 714 609 Christianis
737 543 896 610 omnibusr
930 539 1091 623 Quicum
1109 541 1202 608 Max·

88 643 223 709 imianus
245 642 352 709 Cacsar
377 642 463 733 apud
482 643 678 711 Octodurum
694 643 865 711 exercitum
888 640 1090 732 compelleret
1110 662 1203 710 saus

90 742 162 809 Diis
177 741 263 810 falsis
279 742 394 821 facere,
418 742 554 832 primum
572 746 740 834 Agnunum
755 745 817 811 iter
831 744 1054 833 arripuemnt:
1080 751 1114 810 et
1130 763 1201 809 eum

89 867 129 911 eo
144 842 277 909 misisset
292 843 479 933 Imperator,
496 845 550 933 qni
567 867 621 912 eos
638 845 680 912 ad
695 845 928 912 medicandum
942 843 1050 912 renim
1061 843 1200 931 juberet,

89 944 212 1033 ipsiquo
228 965 263 1009 se
283 943 316 1010 id
332 944 472 1013 facturos
488 953 667 1036 negassent,
690 946 901 1012 Maximianus
923 944 1077 1013 decimum
1094 964 1202 1032 quem·

89 1066 154 1133 quo
175 1043 268 1131 jussit
295 1045 427 1113 interfici
451 1069 510 1136 per
535 1046 743 1135 apparitores,
771 1046 826 1134 qui
853 1046 979 1114 nemine
1002 1051 1202 1137 repugnante

90 1144 184 1212 facile
201 1144 366 1233 imperium
381 1156 456 1216 sunt
471 1147 620 1214 smecuti.

163 1248 205 1313 11
241 1247 428 1316 ‘Mauritius
450 1248 518 1336 ejus
535 1246 667 1339 legionis
687 1245 891 1336 primicerius,
917 1269 1017 1339 aquo
1033 1247 1202 1339 Agsunum

91 1346 180 1414 ricus
204 1348 346 1417 Mauritii
370 1349 472 1416 dictus
495 1360 545 1416 est
562 1359 682 1438 postea,
708 1359 859 1416 narrante
875 1349 1032 1416 Eucherio
1047 1348 1202 1439 Episcopo

91 1449 307 1539 Lugdunensi,
342 1473 380 1517 eo
407 1461 550 1538 temporo
570 1449 794 1517 commilitones
819 1449 863 1517 sic
888 1450 1041 1517 allocutus
1064 1448 1203 1540 legiturr

94 1555 203 1626 Quam
227 1553 335 1629 timui,
359 1575 398 1618 ns
417 1555 598 1639 pruisquam,
614 1553 701 1636 qnod
723 1555 868 1618 armatis
880 1552 991 1639 facile
1014 1563 1075 1628 est,
1097 1553 1204 1640 specis

91 1653 299 1738 def'esssionis,
334 1653 532 1718 beatissimis
563 1653 746 1738 funeribus
776 1675 896 1720 manus
923 1652 1054 1720 obuiam
1083 1654 1204 1738 aferrs

92 1753 260 1820 tentaret!
276 1753 353 1838 jam
378 1753 462 1818 milri
484 1753 533 1818 ad
554 1753 651 1839 bajus
674 1755 726 1820 rei
747 1754 960 1820 interdictum
978 1753 1107 1820 Clars'sti
1131 1775 1205 1821 πω-

93 1855 143 1920 tri
160 1854 353 1940 parabatur
369 1854 559 1941 exemplum,
582 1856 641 1938 qui
655 1867 813 1921 enemtum
828 1854 954 1940 rapina
970 1852 1113 1940 apostoli
1129 1853 1204 1939 pla·

93 1954 189 2019 dium
207 1955 357 2042 propria
384 1956 472 2020 uocis
492 1954 640 2039 jussione
666 1957 873 2021 recondidit:
897 1955 1024 2034 doeens,
1047 1952 1206 2038 majorem

93 2055 202 2120 amnis
231 2055 381 2121 omnibus
411 2055 614 2122 Christianos
644 2057 845 2140 confidentia
875 2077 942 2122 esse
969 2057 1134 2131 uirtutem,
1164 2075 1206 2122 ns

93 2155 267 2243 quisquam
282 2156 419 2221 mortali
435 2157 528 2244 operi
543 2156 740 2223 mortalibus
761 2156 905 2222 desteris
924 2155 1100 2232 obsistmn
1124 2155 1206 2242 quin

93 2257 162 2322 imo
187 2257 285 2342 eoepti
307 2258 416 2343 operis
432 2258 534 2341 fidem
551 2257 692 2344 perenni
713 2257 870 2343 relipione
892 2255 1070 2340 compleret.
1123 2253 1206 2321 (lum

93 2353 155 2422 boc
170 2355 322 2445 supplicio
339 2365 466 2444 peracto
485 2357 666 2445 Imperator
680 2355 900 2445 superstitibus
914 2355 1026 2422 eadem
1042 2375 1115 2441 quse
1130 2363 1207 2422 ants

92 2455 291 2546 praeciperet,
316 2455 362 2523 sic
386 2477 494 2523 amnes
517 2456 730 2545 respondent:
762 2457 894 2523 Milites
917 2456 1058 2543 quidem,
1078 2457 1205 2535 Cesar,

95 2558 148 2624 tui
163 2579 275 2624 sumus
290 2569 321 2625 et
338 2559 386 2623 ad
400 2558 615 2644 defensionem
639 2557 828 2643 reipublice
846 2559 1005 2623 Romanus
1020 2577 1121 2622 arrna
1136 2577 1207 2624 sus

93 2659 257 2744 cepimus:
273 2680 332 2725 nec
347 2680 494 2743 unquam
510 2670 572 2723 aut
588 2658 765 2725 desertores
780 2657 937 2724 bellamus
948 2669 1009 2722 aut
1018 2657 1208 2744 proditores

93 2759 227 2824 milities
253 2759 396 2846 sitimus,
430 2771 491 2824 aut
516 2760 648 2845 ἱφιαυω
664 2759 866 2844 formidinis
890 2759 1068 2824 meruimus
1094 2757 1208 2825 subire

86 2859 274 2944 flapitium.
330 2861 415 2925 Tuis
431 2861 533 2926 etiam
548 2859 841 2946 obtemperaremus
853 2859 1039 2945 praecptis,
1062 2858 1132 2924 nisi
1155 2857 1207 2924 iss·

93 2960 207 3026 stituti
230 2959 354 3043 lepibrss
381 2959 592 3034 Clsristianis,
618 2959 798 3026 damonum
815 2958 922 3026 cultus
938 2969 969 3024 et
985 2981 1069 3026 aras
1084 2979 1209 3045 semper

87 3058 242 3147 pollutas
266 3061 427 3144 sanquine
455 3061 645 3124 vitaremus.
702 3060 927 3146 Comperimus
947 3060 1143 3147 proeaspisss
1167 3069 1208 3136 te,

94 3171 134 3225 ut
157 3169 218 3223 aut
235 3159 422 3243 saerilepiis
431 3159 596 3244 pollueres
615 3160 834 3240 Christianos,
858 3172 919 3225 aut
935 3160 1085 3226 dederis
1104 3161 1209 3226 intar-

81 3261 192 3349 fectis
217 3281 276 3326 nos
299 3259 395 3325 uelles
421 3271 549 3325 terrere.
597 3261 676 3326 Non
692 3262 850 3348 inquiras
868 3260 997 3348 lonpius
1017 3259 1209 3328 latitantes:

91 3451 626 3515 dlnpcstmostsmssucberilregnaslt
670 3452 1211 3515 fimCtmooemsstatraalsstnsd

92 3528 420 3578 sarmenticio
437 3527 524 3575 lo
527 3528 628 3575 es·1>u
677 3530 688 3576 s‘

236 3640 244 3663 2
556 3637 564 3662 l

91 3683 239 3746 gliasprim
216 3682 412 3729 nrianumadta
414 3680 526 3728 throno
543 3688 628 3740 postes
678 3695 728 3742 pse
738 3681 1209 3744 etpriors'tsspsrssuttoasbasim·

94 3758 365 3816 Gallies,uteratnata,
373 3755 628 3803 smaelitarum
678 3758 740 3813 sior,
770 3758 827 3803 ds·
857 3757 1012 3804 mercena
1039 3756 1211 3803 astruatu-

141 3843 153 3868 θ
168 3831 313 3894 Mauritius]
334 3834 373 3880 Da
383 3832 453 3890 hujus
462 3833 573 3892 martyris
584 3833 628 3877 bo.
678 3839 810 3892 martyna
819 3833 884 3880 aulis
893 3833 1211 3894 niuamtnserqsossn'an

92 3911 196 3958 notibus
205 3910 270 3969 apud
282 3908 406 3956 Melretios
416 3907 470 3954 side
482 3907 627 3954 Guilliman·
676 3910 824 3969 proeciprsuss
843 3909 921 3954 sancti
940 3908 1059 3955 sllasritil
1078 3907 1210 3972 collspian,

92 4002 163 4036 anm.
187 3984 256 4044 (Lib.
271 3997 325 4034 s.r.
340 3987 369 4033 lt
384 3988 409 4030 rt
426 3997 455 4031 u.
471 3984 510 4041 8.)
541 3983 570 4029 ln
586 3998 628 4030 rs·
678 3990 701 4031 st
721 3984 859 4031 innocentie
883 3985 1009 4046 mesalum.
1034 3984 1073 4033 Da
1098 3984 1210 4034 Theb-ts

92 4064 244 4125 terlsenptc
259 4062 291 4109 ‹ls
304 4061 462 4108 translations
476 4060 553 4106 uncti
569 4059 629 4107 lus·
679 4061 825 4121 mummium
843 4060 1003 4108 Brnusricum
1020 4061 1211 4110 trsuslstbrids

92 4139 142 4191 tlnl
157 4139 184 4186 ln
201 4151 288 4186 noram
306 4136 451 4187 Corbsiasn:
471 4136 541 4185 L'sds
552 4136 629 4194 justa
680 4136 820 4185 crantzium
831 4138 1003 4185 suonam
1013 4148 1063 4185 m.
1076 4135 1114 4187 l&

153 4402 186 4457 ll
219 4395 294 4470 [iba
314 4396 448 4472 spcecbes
463 4397 497 4454 ot
508 4397 660 4455 Mauritius
674 4396 724 4455 tbc
738 4399 853 4473 captain
867 4397 903 4456 al*
912 4396 962 4456 tha
975 4395 1094 4456 Tbsbsu
1108 4396 1215 4472 kglan.

91 4486 155 4546 and
169 4485 667 4554 attbssoldlsrssretotbcssms
681 4481 796 4563 susm]
