2752 4844
166 233 227 275 xxx
590 221 618 276 J.
642 220 905 278 nanurrnacn

165 391 296 469 venerit,
314 389 374 458 hoo
396 411 466 457 erae
483 387 592 456 uitium
609 410 774 457 commune
788 389 925 458 omnium
942 389 1114 469 hominum,
1134 391 1235 459 etiarn
1254 392 1339 460 Eru-

165 493 396 568 ditisrimorum,
414 500 528 558 utnon
543 511 670 578 semper
684 491 726 557 ad
743 491 849 557 omnin
863 492 941 558 satis
956 492 1143 560 adtendant.
1171 496 1338 561 Prreterea

164 593 198 661 id
215 603 322 661 nostro
338 590 460 669 accidit,
473 589 558 679 quod
575 588 612 655 iis
627 590 753 656 solenne
764 600 822 669 est,
836 592 890 678 qni
907 615 1023 682 magma
1039 593 1192 660 memoria
1203 595 1334 682 pollent,

165 703 202 761 ut
217 694 334 761 scilieet
349 691 394 758 illi
410 690 501 757 nimir
516 711 627 756 recuro
643 690 811 758 eontidnnt.
864 693 958 761 Adde
980 693 1066 781 qnod
1083 693 1180 759 variis
1201 694 1334 760 dutrao·

164 804 216 864 tus
239 793 371 885 negotiis
395 800 429 858 et
453 790 574 866 studiis,
597 811 636 854 oo
658 801 801 877 tempore
823 791 866 858 sie
887 793 965 860 satis
985 793 1085 871 breri,
1109 793 1196 881 qnod
1220 793 1255 861 in
1274 794 1333 861 boo

164 918 260 986 opero
279 891 468 962 elaborando
490 888 667 968 consumsit,
692 891 776 958 sorte
801 891 895 959 etiam
919 893 1116 983 nonpaneia
1140 917 1254 961 eornm
1276 894 1332 962 Li·

163 996 301 1074 brorum,
335 1015 413 1081 quos
448 999 537 1057 tanto
568 1012 699 1057 numero
723 991 875 1071 laudarit,
902 995 1091 1074 destitutus3
1130 1017 1195 1063 non
1227 995 1331 1085 potnit

163 1119 287 1184 semper
303 1095 453 1161 adcurate
474 1091 579 1158 omnia
595 1093 783 1179 expendere.
831 1095 915 1160 Hine
932 1095 1005 1163 lieet
1020 1095 1145 1162 infinita
1161 1095 1232 1183 ejus
1248 1106 1331 1164 esset

154 1197 264 1274 lertio,
281 1205 315 1263 et
331 1194 385 1261 rix
396 1193 503 1269 ullum,
521 1203 608 1281 puto,
623 1196 796 1261 Auctorem
813 1193 1008 1273 indicauerit,
1024 1196 1112 1284 eujus
1128 1197 1251 1285 seripta
1266 1219 1328 1264 non

137 1286 355 1386 perlegisset,
379 1302 436 1360 aut
451 1293 560 1359 mtrem
578 1293 817 1380 perlustrassem
839 1295 1008 1383 aliqnando
1029 1296 1100 1363 loea
1116 1299 1264 1383 quedam
1287 1319 1328 1365 ox

162 1396 240 1474 aliis,
264 1405 338 1462 tuno
355 1393 481 1459 minime
497 1392 646 1481 inspecta,
668 1395 780 1462 tacitus
804 1397 978 1484 exscripsit,
1003 1406 1037 1462 et
1053 1395 1099 1462 aio
1125 1396 1159 1462 in
1185 1419 1327 1466 errorem

162 1495 307 1584 delapsus
330 1502 388 1571 est,
411 1502 448 1560 ut
472 1514 513 1559 ex
539 1493 716 1562 certissimis
738 1495 858 1562 indiciis
882 1495 1085 1584 deprehendi.
1137 1497 1328 1587 Exemplum

162 1595 360 1663 manifestum
385 1593 483 1660 haber
510 1593 576 1660 Lib.
595 1593 640 1660 11.
665 1619 731 1684 cap.
759 1617 854 1663 xrrrr.
883 1590 951 1691 §L
978 1606 1054 1664 nota
1070 1597 1127 1682 (a).
1153 1597 1210 1664 ubi
1229 1598 1328 1666 rerba

162 1697 300 1764 Currorr
315 1717 374 1783 pro
391 1694 496 1761 verbio
513 1696 684 1761 Vaaaorrr
703 1697 819 1774 adfert,
841 1706 1002 1764 errantem
1025 1708 1179 1785 sequutus
1195 1699 1328 1766 Drour·

161 1819 241 1864 arou
260 1798 524 1865 Gorrrornuoour
541 1795 573 1861 iu
588 1799 631 1862 L.
645 1800 697 1867 17.
713 1799 759 1863 D.
774 1799 829 1864 De
846 1800 1054 1884 Lepntionib.
1071 1808 1110 1866 ut
1123 1798 1200 1865 alibi
1215 1799 1327 1867 eodem

161 1898 347 1967 festinanter
368 1897 459 1973 leeto,
483 1895 707 1986 etymologiam
724 1897 808 1963 rocio
832 1899 1062 1977 Tere-iterium,
1085 1920 1107 1965 a
1129 1911 1224 1967 terra
1247 1901 1327 1990 peti·

161 2007 237 2077 tam,
256 2000 436 2065 Fnourruo
454 1995 574 2072 tribuit,
592 2018 663 2082 quar
680 1997 816 2063 Curaorr
834 1997 929 2063 etiam
946 2008 1005 2075 ert,
1028 1997 1097 2065 Lib.
1113 2000 1175 2066 111.
1195 2022 1267 2089 eap.
1282 2022 1325 2068 vr.

162 2095 181 2194 b
198 2102 231 2170 4.
256 2120 339 2164 num.
357 2101 388 2164 2.-
439 2095 493 2163 Sie
510 2096 578 2162 Lib.
600 2096 627 2160 1.
649 2118 717 2184 eap.
734 2117 770 2163 rr.
796 2089 814 2191 p
831 2099 863 2162 3.
880 2119 966 2163 num.
982 2100 1014 2164 2.
1036 2099 1143 2176 rerba,
1162 2109 1326 2188 tamquam

160 2198 279 2276 Purra,
296 2199 405 2274 refert,
416 2218 548 2284 quorum
566 2218 640 2285 pars
656 2205 778 2262 tantum
789 2196 875 2285 apud
891 2197 979 2264 illum
995 2198 1179 2287 scriptorem
1195 2200 1325 2292 legitur,

160 2307 197 2367 ut
221 2300 253 2366 in
272 2308 348 2366 nota
371 2301 393 2365 5
416 2296 460 2364 ibi
485 2297 600 2364 monui.
662 2298 739 2363 Post
761 2297 878 2363 Notam
897 2296 981 2364 illam
1001 2309 1106 2365 autem
1128 2300 1218 2388 typis
1239 2324 1326 2369 man·

159 2400 277 2476 datam,
300 2421 374 2466 easu
400 2395 504 2484 reperi
525 2395 644 2463 sontem
670 2397 796 2473 erroris,
819 2396 851 2462 in
868 2398 983 2464 liracr
1002 2400 1196 2476 chauaurm
1220 2401 1325 2469 Juria·

158 2498 290 2566 eonsulti
304 2498 408 2576 Frisii,
431 2496 647 2572 Membranie,
661 2518 733 2583 qum
750 2518 832 2563 anno
846 2498 935 2563 1608
953 2499 1145 2586 prodierant,
1164 2500 1235 2568 Lib.
1245 2502 1323 2572 VII.

157 2603 275 2688 Eolop.
296 2621 373 2666 auur.
392 2619 464 2687 pag.
481 2599 559 2674 394,
583 2597 636 2663 ubi
661 2595 837 2683 conjunctio
862 2596 915 2663 illa
938 2598 1072 2666 duorum
1091 2599 1230 2666 loeorum
1250 2624 1323 2691 per-

157 2723 266 2789 peram
284 2700 366 2767 laeta
383 2698 492 2766 eodem
509 2696 602 2785 plane
618 2697 710 2762 modo
728 2697 853 2785 legitur.

231 2802 343 2888 Neque
368 2797 452 2877 talia,
476 2805 533 2862 aut
549 2797 641 2863 etiam
657 2795 807 2887 graviora
830 2807 968 2886 peccata,
991 2799 1034 2866 ad
1056 2822 1108 2867 res
1125 2799 1210 2889 ipsas
1233 2823 1321 2893 oper·

156 2901 266 2979 tantia,
290 2899 357 2967 sine
380 2896 622 2986 exprobratione
643 2895 755 2973 notari,
779 2900 899 2964 Auetor
921 2898 998 2987 ipse,
1022 2898 1098 2966 siin
1122 2900 1202 2967 viris
1226 2913 1319 2982 esset,

155 3022 242 3090 aegre
259 3001 366 3069 ferret.
421 2996 505 3078 Quin
522 2997 635 3084 potius,
654 3019 716 3085 quo
734 3007 804 3064 erat
820 2997 956 3088 ingenio,
983 2999 1180 3067 monentibus
1197 3002 1321 3092 gratias

155 3100 336 3168 habiturum
362 3108 396 3166 et
421 3105 563 3164 acturum
592 3097 696 3173 luisse,
728 3096 804 3163 mihi
835 3120 1018 3187 persuasum
1048 3108 1106 3167 est.
1158 3100 1321 3171 Nonnulla

154 3199 231 3288 ipse,
259 3209 422 3289 postquam
439 3195 670 3274 animadvertit,
699 3196 805 3262 statim
823 3198 1011 3276 emendarit,
1037 3210 1075 3266 ut
1097 3222 1138 3267 ex
1155 3221 1320 3292 eompara-

154 3301 239 3368 tione
261 3300 401 3388 priorum
419 3295 599 3363 Editionum
616 3295 780 3384 aliquoties
803 3297 977 3364 observari.
1030 3298 1176 3387 Exempli
1200 3303 1318 3390 gratia,

154 3401 222 3467 Lib.
245 3403 287 3469 li.
318 3421 387 3488 cap.
407 3418 499 3464 xxrv.
529 3397 597 3498 §a
627 3420 711 3463 uum.
731 3399 760 3462 l.
791 3397 824 3464 in
851 3399 953 3486 prima
984 3398 1130 3465 Editione
1158 3400 1317 3470 Josrrrro

152 3501 251 3568 rerba
279 3500 447 3574 tribuebat,
477 3520 549 3585 quro
574 3499 719 3563 Puruoru
745 3509 854 3583 postea
883 3496 1030 3565 restituit.
1082 3497 1151 3565 Lib.
1173 3500 1220 3568 Il.
1249 3525 1316 3593 eap.

153 3622 247 3668 xvrrr.
269 3599 286 3700 p
303 3601 335 3670 7.
353 3601 386 3667 in
403 3597 512 3664 eadem
532 3598 690 3673 Editione,
709 3596 762 3662 ubi
779 3597 895 3664 dictum
914 3597 1070 3684 quoddam
1090 3599 1260 3685 Scipionis
1276 3625 1316 3671 ex

151 3703 250 3768 Lrvro
268 3708 465 3774 narraverat,
489 3701 681 3765 aVauunro
699 3698 845 3764 Maxrrro
867 3701 952 3764 irone
970 3699 1001 3764 ei
1025 3699 1187 3764 tributam
1209 3725 1316 3771 vooem

149 3801 305 3870 addebat:
335 3805 404 3868 Into
427 3812 456 3864 to
480 3813 573 3878 meto,
602 3801 736 3874 Hanno,
758 3801 842 3882 fider
865 3801 1014 3865 ciuitatis
1039 3812 1158 3866 rroatroe
1185 3801 1312 3870 liberat.

149 3901 302 3970 Distinrit
319 3901 432 3968 deindo
455 3898 507 3973 sic,
534 3922 604 3986 qum
631 3899 711 3963 malo
736 3899 936 3965 contuderat:
973 3899 1124 3967 Valerius
1139 3903 1312 3970 Maximae

152 4005 346 4073 Consulibus
358 4002 518 4069 Rorrrarrie
529 4003 665 4085 infacto
677 3999 790 4074 sinuli,
809 4003 865 4065 aed
879 4003 1074 4085 arrtiqaiore,
1092 4001 1178 4068 irone
1196 4004 1308 4069 tribuit

149 4128 279 4179 eocern,·
299 4106 362 4170 isto
379 4115 411 4168 te
430 4108 524 4174 metu,
544 4112 603 4166 ete.
645 4099 713 4165 Lib.
731 4099 774 4163 ΙΙ.
792 4121 858 4185 cap.
878 4121 933 4167 xv.
955 4093 971 4193 d
988 4103 1018 4166 3.
1036 4122 1119 4167 num.
1136 4104 1168 4167 1.
1187 4103 1229 4169 de
1244 4102 1304 4167 loeo

150 4205 294 4271 Saurea
319 4201 426 4271 Patris
449 4199 494 4265 ita
511 4200 608 4266 habet
631 4199 732 4287 prima
756 4199 880 4265 Editio:
907 4204 984 4266 Non
1001 4203 1048 4267 art
1065 4205 1219 4290 orttiqrroe
1234 4202 1312 4267 illos

149 4308 366 4392 Imperatores
386 4303 541 4392 pertinet,
567 4301 605 4367 id
620 4313 677 4378 eet,
703 4302 779 4368 belli
801 4303 907 4377 drreeu,
930 4304 987 4369 oeci
1004 4304 1051 4368 aci
1073 4306 1224 4380 Cenares,
1247 4303 1337 4387 91ιί
