2774 4854
61 281 142 340 Gn.
152 273 207 352 11]
264 276 320 338 AN
340 278 518 338 nebeten
540 279 890 348 memmerunt
912 281 982 341 SIT.
1139 275 1182 342 89

64 453 221 540 erificerc
240 452 356 519 vellent
366 476 379 528 ,·
404 450 489 541 quod
511 458 545 520 et
560 451 708 520 Julianus
725 461 835 542 postea
854 451 994 520 imitatus
1011 458 1069 528 est,
1086 472 1180 541 quum
1193 438 1339 561 mys.

65 553 111 620 ob
128 574 253 619 eaumm
271 552 438 619 victricius
453 562 550 640 atque
565 553 618 619 alii
634 554 792 644 cingulum
812 576 871 642 pro
889 554 1016 620 Christo
1031 553 1183 641 abjecisse

66 653 228 744 leguntur.
284 653 372 720 Idem
400 654 471 720 olim
498 654 556 721 sub
582 654 778 721 Diocletiane
803 654 944 721 lecerunt
968 654 1001 719 iu
1027 654 1183 721 Armenia

67 755 155 821 mille
171 762 296 820 eentum
313 763 458 843 quatuor,
477 777 609 841 quorum
627 756 659 822 in
683 754 917 844 martyrologiis
936 752 1073 821 mentio:
1098 753 1182 821 etin

69 857 220 945 AEgypto
237 855 364 929 bienna,
378 863 412 919 et
426 855 617 944 Hesychius.
653 856 704 923 Sic
721 878 799 947 ergo
816 867 848 923 ct
863 854 973 922 Licinii
988 853 1182 942 temporibus

68 956 159 1021 multi
181 953 326 1042 abjecere
343 954 511 1044 cingulum,
533 978 666 1043 quorum
691 956 752 1025 suit
776 957 923 1024 Arsacius
944 955 1027 1022 inter
1052 953 1182 1023 Censes·

68 1078 156 1122 soree
174 1054 361 1131 nominatus,
384 1063 417 1121 et
434 1057 608 1123 Auxentius
630 1059 730 1125 sactus
756 1067 865 1146 postea
885 1055 1086 1146 Mopsuestia
1106 1054 1181 1145 Epi·

68 1179 191 1245 eeopua
246 1156 354 1234 Quare
381 1155 441 1238 his,
472 1156 526 1243 qui
555 1160 649 1226 semel
677 1159 864 1225 conscientia
889 1158 997 1247 puncti
1021 1157 1181 1249 cingulum

67 1258 262 1346 abjecerant,
276 1256 399 1324 reditus
411 1257 454 1324 ed
469 1257 610 1324 militiam
622 1259 680 1328 sub
693 1259 810 1326 Licinio
823 1281 885 1325 nen
901 1259 1031 1348 patebet
1046 1259 1106 1325 uisi
1122 1278 1182 1348 per

68 1359 141 1426 fidei
158 1357 347 1426 Christiane
363 1358 624 1449 abnegationem:
644 1382 715 1449 qum
732 1360 807 1448 qnia
823 1382 860 1426 eo
878 1370 948 1426 erut
961 1358 1101 1450 gravior,
1117 1379 1181 1448 que

67 1461 157 1551 prior
176 1460 229 1526 ille
250 1469 339 1526 aetus
358 1459 507 1546 majorem
527 1461 560 1526 in
582 1461 641 1527 illis
662 1462 739 1551 legis
755 1460 873 1527 dirinre
890 1461 1098 1551 cognitionem
1119 1469 1181 1528 tee-

69 1563 207 1637 tabatur,
225 1560 296 1627 ideo
311 1560 344 1626 hi
362 1559 537 1628 defectores
553 1563 682 1652 gravius
700 1563 794 1628 ctiam
817 1561 991 1649 puniuntur
1012 1583 1106 1650 quum
1123 1559 1180 1639 illi,

67 1662 108 1729 de
122 1662 237 1750 quibus
260 1672 372 1751 egerat
386 1661 567 1749 praecedcns
584 1684 693 1738 canen,
717 1661 771 1749 qui
792 1661 860 1729 eine
876 1661 1016 1749 periculo
1032 1661 1108 1730 ritae
1124 1671 1182 1730 eut

67 1763 251 1829 facultatum
278 1762 521 1828 amittendarum
549 1762 821 1828 Christianismum
846 1761 1035 1849 abjecerunt
1078 1762 1181 1830 eene-

67 1863 178 1930 rnliter
194 1873 300 1930 autem
318 1862 359 1929 de
375 1862 458 1928 omni
475 1863 584 1929 militia
601 1861 803 1950 interpretari
820 1882 980 1939 cunonem,
998 1882 1091 1949 quem
1108 1883 1181 1951 pro-

66 1965 223 2040 duximus,
241 1964 283 2029 ab
300 1963 384 2029 omni
400 1963 523 2029 ratione
545 1963 679 2029 alienum
697 1972 753 2029 eat.
806 1964 927 2050 Aperte
943 1962 1027 2030 enim
1043 1970 1180 2030 testatum
1191 1977 1329 2067 m

66 2064 208 2140 historia,
227 2064 286 2141 his,
301 2063 355 2151 qui
369 2064 428 2131 sub
447 2063 564 2130 Licinio
578 2063 718 2130 militium
734 2062 925 2149 abjecerunt,
942 2084 1045 2151 neque
1060 2062 1179 2131 Licinio
1189 2074 1221 2113 ⁸²

66 2164 244 2253 imperanto
264 2166 305 2231 ad
319 2187 386 2230 cem
402 2165 572 2242 redierant,
589 2186 629 2229 ne
646 2163 739 2230 fidem
754 2162 965 2231 Christianam
982 2163 1180 2243 violarente

68 2265 274 2333 Constantine
290 2265 395 2331 datam
410 2264 578 2352 optionem,
595 2263 788 2331 immunesne
804 2286 873 2332 esse
889 2286 910 2331 a
924 2263 1035 2332 militia
1051 2263 1179 2346 vellent,

65 2389 107 2432 an
122 2367 165 2432 ud
182 2365 322 2432 militiam
339 2365 462 2432 redire:
488 2365 572 2454 qued
590 2365 674 2432 haud
691 2364 785 2432 dubie
802 2364 891 2432 multi
908 2365 1061 2433 lecerunt.
1094 2430 1100 2438 .

65 2537 156 2584 ndum
180 2534 312 2595 rejiciebat.
349 2535 390 2583 Ob
415 2536 479 2583 benc
503 2549 600 2583 unum
654 2534 874 2592 Uticensicnemt,
887 2533 977 2582 multe·
985 2535 1032 2583 sub
1042 2534 1182 2585 umato

65 2612 111 2658 Ve'
128 2613 258 2669 ntiniunne,
286 2613 329 2674 qui
355 2612 487 2674 imperetur
514 2619 600 2673 postea
650 2611 720 2672 Rege
742 2611 852 2657 militium
878 2609 1036 2672 temporum
1055 2610 1180 2672 abjectus,

64 2689 144 2735 Mus
165 2693 212 2744 est,
236 2689 283 2735 sub
309 2687 409 2736 Julisno
434 2687 523 2749 ubjecit
547 2688 598 2735 eln-
649 2687 708 2749 qnia
721 2700 776 2733 eum
792 2684 930 2732 Arianisme
944 2693 997 2736 ent
1010 2699 1127 2735 eennen

63 2765 159 2826 guium,
191 2763 247 2812 Non
262 2763 377 2811 diedmde
391 2768 430 2811 eet
443 2761 601 2826 quodl'icter

63 3009 193 3066 mention
204 3010 234 3063 ln
249 3009 298 3065 tlre
310 3009 544 3084 blertyrologies;
558 3012 614 3066 und
625 3011 664 3084 by
674 3012 781 3067 Menna
795 3012 852 3067 und
865 3012 1022 3085 Hesychius
1034 3012 1063 3069 ln
1076 3013 1180 3089 Egypt

61 3098 128 3154 And
145 3096 211 3152 thus
226 3106 255 3151 nt
267 3096 315 3152 tire
332 3099 400 3152 tirno
412 3097 445 3152 ot*
459 3099 583 3153 Licinius
596 3115 680 3171 many
698 3099 859 3154 renounccd
873 3100 921 3155 tlre
937 3100 1061 3174 military
1072 3103 1181 3175 proles·

61 3187 144 3248 sion3
163 3200 266 3253 among
278 3184 369 3238 whom
382 3200 437 3238 scus
453 3186 592 3248 limacius,
603 3185 666 3240 wlro
677 3187 701 3240 is
712 3187 816 3241 named
828 3203 932 3259 among
946 3187 996 3244 the
1008 3189 1185 3256 contemne,

61 3272 120 3327 end
133 3271 300 3335 Auxentius,
314 3271 378 3325 urbo
398 3287 452 3326 scus
472 3271 636 3327 afterwards
655 3271 754 3344 bisbep
775 3273 809 3327 es
829 3274 1001 3346 Mopsueete.
1020 3276 1102 3332 une
1116 3276 1184 3334 cnm

61 3359 147 3414 thone
160 3358 230 3423 who,
241 3358 357 3430 pricked
368 3358 404 3430 by
417 3359 590 3423 conscience,
603 3357 658 3412 had
670 3375 741 3414 once
754 3360 806 3415 lclt
818 3360 868 3416 the
880 3362 1004 3434 military
1015 3363 1183 3435 profession.

61 3445 150 3502 could
163 3454 215 3499 not
234 3453 333 3500 return
349 3454 379 3501 to
400 3447 423 3499 it
437 3445 529 3500 under
544 3445 676 3508 Licinius,
689 3455 789 3519 except
806 3449 824 3503 b
825 3480 838 3520 y
858 3449 1033 3521 renonucing
1044 3448 1095 3507 tlte
1109 3449 1183 3507 leitil

62 3532 97 3587 et
110 3532 224 3594 Christ;
244 3532 301 3587 end
316 3532 372 3588 tbis
387 3532 590 3603 transgression
606 3548 660 3585 was
675 3533 725 3588 the
743 3550 823 3590 more
836 3536 975 3607 grievour,
989 3535 1137 3593 inumncb
1150 3551 1183 3594 es

62 3619 140 3676 tbcir
160 3619 268 3675 former
281 3631 327 3674 aet
342 3619 453 3675 shewed
468 3619 531 3673 thet
552 3617 619 3688 they
641 3617 696 3672 hed
711 3619 876 3693 knowledge
891 3623 925 3678 ol
938 3622 988 3678 tbe
1002 3623 1097 3678 divine
1111 3622 1182 3689 tm

62 3707 221 3763 therefore
236 3706 318 3762 those
332 3707 487 3762 detuultcrs
501 3722 550 3761 ure
562 3704 700 3776 punishcd
711 3721 781 3761 cren
797 3723 876 3763 mere
890 3708 1016 3779 severely
1031 3706 1101 3763 than
1113 3707 1183 3782 tbey

63 3794 127 3849 urbo
150 3810 199 3850 are
217 3793 382 3850 mentioned
394 3795 424 3849 in
439 3793 489 3848 the
506 3791 659 3865 preceding
680 3792 787 3858 Cenon,
804 3793 875 3856 arbo,
890 3793 1011 3849 without
1028 3793 1136 3866 danger
1150 3802 1182 3852 te

62 3880 140 3935 tbeir
154 3880 204 3936 lise
218 3897 252 3936 er
263 3881 387 3943 fortune,
399 3880 454 3935 bed
470 3879 630 3935 renounrcd
647 3878 838 3951 Christianity.
871 3880 927 3934 But
940 3888 970 3934 te
982 3880 1120 3953 interpret
1132 3880 1183 3939 the

63 3969 163 4022 Cenon
179 3966 269 4022 which
282 3984 324 4023 no
342 3967 414 4023 bure
425 3967 531 4040 quoted
542 3984 573 4021 us
583 3967 722 4035 referring
737 3979 767 4022 ro
781 3983 799 4021 a
813 3966 936 4037 military
948 3966 999 4022 lise
1013 3968 1042 4022 ln
1056 3970 1182 4040 generet,

62 4056 87 4109 is
102 4062 234 4124 contrary
252 4064 282 4108 to
297 4070 428 4110 common
440 4072 549 4109 reason.
584 4055 641 4108 Fer
656 4053 763 4124 lrisrory
775 4052 880 4124 clecrly
895 4054 1012 4109 testities
1025 4053 1183 4114 cherchoro

62 4140 127 4196 erbe
143 4139 235 4194 under
248 4141 372 4196 Licinius
390 4141 446 4196 bed
460 4141 621 4196 renounccd
638 4141 761 4212 military
777 4140 827 4194 tite
841 4140 897 4193 and
910 4139 966 4194 bad
980 4149 1031 4197 net
1045 4142 1182 4200 returned

61 4237 93 4284 te
106 4230 129 4284 it
143 4229 236 4282 under
251 4228 384 4292 Licinius,
396 4230 425 4282 iu
437 4228 522 4283 order
535 4227 597 4282 tbut
609 4227 676 4298 they
692 4227 782 4296 might
797 4236 848 4281 not
860 4227 962 4282 riulute
977 4227 1027 4282 the
1039 4228 1182 4287 Christian

60 4316 145 4382 saith,
159 4314 217 4371 hed
233 4314 283 4371 tlre
297 4317 396 4388 option
411 4317 493 4388 giren
509 4314 586 4370 thern
603 4315 640 4386 by
658 4316 852 4380 Constarrtiue,
864 4313 991 4371 whether
1005 4313 1073 4388 tbey
1088 4316 1183 4374 would

59 4403 98 4460 be
112 4403 237 4460 eacnscd
249 4402 374 4475 military
385 4403 491 4460 terrico
503 4418 537 4459 or
550 4411 633 4458 enter
647 4400 698 4459 tbe
712 4419 810 4477 arm53
825 4401 884 4458 und
898 4418 936 4459 no
951 4402 1042 4459 doubt
1055 4403 1184 4479 menyet

60 4490 142 4548 &ern
154 4490 205 4547 did
218 4489 268 4548 tbe
280 4489 374 4550 letter.
