2752 4844
194 208 259 272 200
457 216 527 282 Qui
549 217 708 274 BELLUM
730 215 860 274 meme
883 216 1053 274 GERANT.
1197 209 1317 284 [nme

272 380 340 449 III.
392 383 607 450 Instrumenta
632 405 702 448 eum
726 382 865 460 dicimus,
885 406 948 449 non
972 403 1063 450 arma
1088 380 1142 447 hio
1163 379 1319 471 intelligi·

193 505 273 562 mus,
297 491 330 550 et
355 483 381 549 ei
408 504 479 569 quoe
502 491 575 548 sunt
595 483 644 548 lris
665 483 785 560 similia,
804 479 871 550 'sed
897 482 1028 571 eosqui
1054 481 1101 548 ita
1125 490 1232 570 agunt
1258 504 1318 548 sua

28 602 182 689 guast-ep-
195 584 365 660 uoluntate,
382 593 419 649 ut
435 604 474 648 ee
488 582 632 648 voluntas
649 582 690 648 eb
706 583 808 648 altera
827 584 973 672 pendeat.
1026 581 1104 648 Tale
1120 581 1316 647 iustrumen-

28 650 171 780 ptjeffl‘l
196 693 263 750 turn
289 692 338 748 est
366 680 450 769 patri
479 680 569 758 filius,
597 703 672 768 pars
699 683 815 770 quippe
842 683 909 770 ejus
941 681 1149 749 naturaliterr
1186 681 1254 748 tale
1283 690 1318 747 et

27 787 177 872 ame-4¹·
196 803 317 859 servus,
334 780 424 867 quasi
441 802 515 866 pars
533 803 576 846 ex
593 782 683 871 lege:
710 785 799 847 ²nam
825 783 905 849 sieut
922 805 996 870 pars
1011 804 1076 848 non
1092 789 1221 849 tentum
1237 803 1316 869 pars

29 879 183 966 mm,
197 891 246 948 est
265 881 362 947 totius
385 881 494 946 eadem
520 882 682 959 relatione,
703 903 767 969 qua
791 891 892 948 totum
918 893 967 950 est
994 892 1093 948 toturn
1118 881 1232 969 partis,
1256 881 1316 948 sed

196 981 257 1048 hoe
276 980 377 1067 ipsum
396 980 480 1067 quod
498 989 547 1046 est
563 980 659 1047 totius
676 991 744 1047 est:
767 980 813 1047 ita
828 982 981 1068 possessio
1007 973 1056 1048 est
1078 981 1199 1068 aliquid
1215 981 1316 1069 ipsius

195 1078 393 1168 possidentis.
445 1079 666 1148 Democritus:
691 1076 882 1163 3οἱκὲτησιν
898 1079 939 1153 eir
956 1085 1073 1174 μέρεσι
1094 1083 1157 1151 τοῦ
1175 1078 1314 1164 exslvere

197 1182 271 1273 χρῶ
294 1172 391 1268 ἄλλῳ
413 1175 493 1272 repis
515 1173 613 1248 ἄλλο’
640 1181 796 1247 Famutie
815 1194 974 1267 tanquam
987 1183 1146 1268 partibus
1161 1184 1316 1269 eorporis

196 1281 279 1346 aliie
294 1281 341 1344 ad
356 1281 454 1344 aliud
470 1292 568 1346 utere.
616 1280 717 1358 Quale
732 1288 838 1345 autem
855 1280 888 1344 in
904 1281 1023 1346 familia
1040 1291 1089 1347 est
1105 1303 1229 1358 seruus,
1248 1281 1316 1347 tale

195 1377 229 1445 iu
245 1377 406 1465 republica
422 1386 470 1442 est
487 1378 639 1456 subditus,
657 1401 695 1445 ae
710 1378 843 1465 proinde
858 1379 1098 1447 instrumentum
1115 1379 1315 1466 imperantis.

274 1477 331 1544 IV.
382 1477 452 1542 Nee
477 1475 606 1542 dubium
633 1477 708 1564 quin
733 1479 921 1544 naturaliter
948 1501 1055 1545 omnes
1082 1478 1203 1545 subditi
1230 1480 1316 1546 bello

98 1613 163 1625 ···
197 1574 341 1644 adhiberi
372 1574 503 1661 possint,
528 1576 585 1641 sed
612 1577 761 1663 quosdam
792 1577 933 1664 specialis
962 1579 1015 1644 lex
1043 1588 1142 1655 arcet,
1172 1588 1211 1644 ut
1238 1580 1317 1644 olim

137 1660 143 1672 ⁹
196 1672 329 1744 bRomae
354 1696 473 1751 servos,
503 1697 585 1741 nune
611 1677 725 1763 passim
742 1675 906 1743 cclericos:
942 1699 1015 1763 quae
1044 1687 1150 1743 tamen
1182 1678 1247 1755 lex,
1280 1688 1318 1745 ut

197 1799 305 1845 omnes
321 1773 389 1861 ejus
404 1774 540 1864 generis,
562 1797 632 1840 eum
648 1798 778 1840 summae
799 1775 992 1841 necessitatis
1014 1776 1201 1863 exceptione
1221 1778 1317 1844 iutel-

194 1876 324 1967 ligeuda
348 1881 406 1940 est.
454 1875 498 1938 Et
521 1875 589 1940 haee
614 1874 740 1962 quidem
770 1873 961 1963 generaliter
986 1874 1027 1940 de
1053 1873 1255 1960 adjutoribus
1283 1886 1319 1943 et

196 1974 329 2044 subditis
344 1972 430 2040 dieta
445 1982 560 2040 sunto:
586 1996 659 2040 nam
675 1994 748 2060 qure
760 1973 907 2061 specialia
921 1981 1004 2052 sunt,
1020 1972 1085 2040 suis
1102 1972 1179 2040 loeis
1195 1982 1317 2043 tracta-

194 2077 321 2146 buntur.

240 2245 338 2294 'Retio
356 2245 406 2303 uu,
424 2257 438 2291 e
454 2243 543 2291 restris
562 2240 726 2302 Philosophiae
823 2240 835 2271 ⁸
849 2240 924 2302 Apud
932 2241 1075 2303 secuere,
1082 2243 1160 2293 Sem.
1170 2257 1240 2294 nxrr.
1250 2245 1317 2296 ,1.3.

193 2321 290 2384 placitis
308 2319 466 2382 popularibus
487 2319 573 2380 petita,
593 2323 619 2366 et
642 2315 725 2363 subtili
822 2313 1024 2378 tuomum]
1040 2319 1178 2366 Senincrd
1190 2321 1317 2370 κᾶν·

194 2403 312 2459 praetem
326 2395 537 2457 argumentatione
551 2394 623 2450 fulta,
639 2405 726 2453 purum
778 2389 840 2436 tuos.
865 2389 946 2447 (Vere.
955 2393 1019 2450 ott).

194 2473 266 2520 hodie
276 2471 415 2518 montrera.
430 2470 567 2517 Dicendum
575 2467 726 2527 simpliciter,
824 2463 969 2525 ediffices]
993 2467 1032 2513 Ao
1051 2466 1143 2515 Leviter
1163 2469 1224 2517 oum
1243 2478 1316 2520 oxma

194 2548 283 2596 rutum
297 2552 340 2594 ant
354 2548 454 2594 Servum
469 2544 552 2592 haberi
568 2558 613 2604 pro
629 2544 725 2590 1mrru-
778 2539 835 2584 belli
846 2539 970 2597 munient
980 2547 1090 2589 ”omum
1101 2543 1229 2604 Jouphor
1241 2548 1314 2608 (Ant.

193 2622 377 2683 mentis,quum
387 2622 516 2681 irrogant,
526 2625 569 2665 aut
583 2631 657 2678 agere
672 2631 725 2663 cre·
778 2612 837 2660 Just
848 2612 901 2660 Lib.
913 2627 953 2663 ιιι,
969 2619 1136 2680 cap.12,§t.
1152 2619 1225 2671 Edit,
1239 2623 1314 2670 Ηκα.

194 2697 294 2753 duntnr,
307 2696 378 2757 jussu
392 2694 504 2742 Parentis
518 2699 562 2739 aut
577 2692 684 2748 Domini,
699 2696 727 2737 ut
781 2688 846 2747 coa.)
871 2688 910 2735 De
926 2689 1019 2738 clericis
1031 2692 1085 2740 vide
1095 2694 1209 2743 Nlcetam
1221 2698 1315 2746 choni-

193 2773 286 2832 ubrque
295 2785 325 2818 eo
335 2770 467 2817 correcturi
477 2768 726 2827 luissentipsieponte
779 2770 836 2810 aton
847 2764 909 2810 libro
922 2777 968 2825 νη
989 2767 1072 2815 creon
1085 2769 1154 2816 Celsi
1169 2771 1315 2832 Capitulum

194 2862 245 2895 rua
276 2846 360 2895 Videri
384 2851 493 2906 possunt,
514 2858 568 2905 qum
586 2844 616 2889 de
637 2841 726 2901 triplici
777 2837 1055 2900 insparnucoxxxrrrr
1070 2843 1313 2896 monstramus.

195 2936 286 2983 genere
307 2922 453 2970 cumeorum
471 2920 502 2966 ed
519 2926 600 2966 actum
620 2919 726 2964 alienum
777 2913 863 2960 ricem.
881 2913 938 2963 dist
955 2928 980 2962 ι.
993 2922 1019 2963 et
1034 2930 1119 2964 course
1130 2932 1216 2967 xxrrr.
1232 2936 1314 2982 ques.

194 2997 389 3045 concurrentium
409 2995 548 3054 scripsimus
564 2993 588 3038 ln
609 2992 680 3038 Notis
694 2989 726 3036 ad
777 2986 843 3032 tione
854 2999 912 3032 rur.
942 2988 977 3035 Et
987 3003 1092 3036 conones
1106 2992 1207 3050 quidem
1221 2994 1259 3039 sio
1272 2995 1315 3041 hr-

194 3073 293 3119 ultimas
304 3069 659 3118 Editionesvcrsionisnortrae
666 3067 726 3114 Gul-
777 3063 848 3108 tent:
863 3061 906 3107 sed
922 3069 1015 3121 quanto
1031 3063 1066 3109 llli
1081 3066 1169 3113 urenti
1184 3080 1200 3112 ι
1221 3068 1315 3116 Gracia

194 3147 247 3193 licre
269 3147 344 3192 libelli
370 3144 551 3192 Pufendorfinni
576 3143 616 3190 De
639 3142 725 3205 Officio
777 3137 979 3197 quamrLetinis
989 3138 1138 3200 diligentins,
1148 3141 1314 3193 videnum

194 3222 267 3270 Hom.
281 3228 303 3269 et
320 3221 395 3278 Ciris,
410 3221 464 3269 Lib.
476 3234 493 3268 r.
508 3234 561 3281 esp.
570 3222 592 3278 1,
603 3217 617 3281 ξ
628 3221 667 3266 27.
683 3230 725 3264 sen
778 3213 937 3262 Comoenam.
952 3213 1018 3276 [Lib.
1030 3227 1059 3263 x.
1069 3230 1122 3277 cap.
1132 3219 1156 3265 ἃ
1173 3216 1237 3281 57].

195 3297 290 3346 ultimo.
319 3297 391 3344 LB.

253 3529 307 3584 111.
354 3529 447 3585 When
472 3545 513 3584 we
539 3528 627 3601 spealr
652 3526 686 3582 ot
708 3526 906 3594 Instrumenta,
931 3546 973 3585 we
1000 3528 1037 3585 do
1059 3533 1111 3585 not
1133 3528 1205 3587 here
1228 3548 1314 3588 meon

156 3616 180 3658 *t
192 3602 329 3689 herpone
352 3632 386 3671 or
399 3615 448 3672 the
463 3614 529 3679 like,
544 3615 596 3669 but
613 3613 762 3684 uoluntary
780 3621 889 3684 agents,
903 3615 997 3671 whose
1018 3615 1075 3671 will
1097 3615 1121 3670 is
1145 3617 1252 3672 merod
1275 3620 1314 3691 hy

196 3701 246 3756 tlre
262 3703 315 3756 will
332 3701 365 3756 of
377 3701 505 3758 another.
546 3699 622 3755 Such
640 3716 677 3753 ou
694 3698 869 3755 Instrumeut
883 3703 906 3757 ie
921 3718 939 3756 e
953 3719 1005 3757 son
1020 3707 1051 3757 to
1066 3719 1084 3756 a
1097 3700 1203 3766 lether,
1221 3720 1240 3757 a
1254 3720 1313 3760 ser·

196 3795 264 3842 rent
283 3794 347 3842 toa
368 3797 485 3844 master:
514 3788 552 3841 So
571 3786 758 3840 Democritus.
796 3787 835 3841 So
857 3803 875 3840 rr
894 3788 1004 3859 subject
1025 3788 1055 3841 in
1078 3804 1096 3841 a
1119 3787 1202 3845 State
1222 3789 1314 3847 lethe

197 3873 368 3928 instrument
379 3876 413 3930 ol
423 3875 471 3929 the
486 3873 583 3926 ltuler.

144 3954 169 3991 *δ’
249 3959 300 4012 IV.
339 3959 383 4030 By
398 3959 518 4013 Natural
531 3959 597 4012 hau
612 3959 650 4013 all
663 3957 786 4028 subjecta
798 3973 862 4029 may
876 3959 942 4014 take
957 3966 1022 4032 part
1034 3960 1063 4014 in
1075 3977 1146 4025 wur3
1163 3959 1219 4018 bnt
1233 3977 1314 4018 some

196 4059 246 4098 ere
266 4044 403 4098 excludcd
424 4045 461 4116 hy
476 4045 580 4116 special
595 4045 655 4110 law,
674 4061 705 4099 as
724 4043 814 4099 slaves
829 4045 965 4117 formerly
984 4063 1089 4118 among
1109 4046 1159 4103 the
1174 4048 1314 4110 Romans,

197 4130 254 4185 end
269 4131 380 4185 clerieal
396 4148 511 4203 persons
533 4148 603 4186 now.
652 4129 752 4185 Which
769 4129 829 4193 law,
845 4131 901 4184 like
917 4133 954 4185 all
970 4133 1003 4186 of
1016 4133 1078 4188 thet
1092 4133 1172 4200 kind,
1190 4135 1214 4190 is
1229 4140 1263 4191 to
1279 4134 1316 4190 be

196 4216 370 4272 understood
387 4218 451 4270 witlr
465 4235 502 4271 an
517 4218 711 4288 exceptiones
724 4223 849 4270 extreme
864 4219 1012 4288 necessity.

252 4303 317 4358 And
339 4320 370 4359 so
392 4303 476 4357 muclr
491 4305 635 4376 generally
653 4304 686 4359 of
705 4303 864 4358 auxiliarios
887 4305 944 4359 and
958 4305 1098 4376 subjecte:
1122 4304 1230 4379 spectat
1244 4322 1315 4363 con·

196 4390 363 4447 siderations
379 4392 435 4446 will
447 4391 482 4446 be
497 4391 609 4447 treated
621 4393 651 4446 iu
665 4390 741 4446 their
753 4405 816 4444 own
830 4389 921 4464 placo.
