2774 4854
214 208 282 275 316
465 216 520 272 DE
541 214 821 281 ncomsmonnt
842 213 1075 272 ottmmhtttlt
1197 211 1319 283 [trull

215 404 315 450 nurus
336 382 409 448 fiis
431 405 516 448 sua:
542 382 605 447 filia
631 382 702 447 filia
728 380 784 447 filii
808 381 877 449 sui:
910 381 974 447 filia
998 379 1053 446 tilii
1079 379 1137 446 filii
1159 379 1234 447 sni:
1263 380 1320 448 filia

216 483 290 551 filiae
306 483 378 550 tilia
396 506 482 548 sua:
510 482 574 548 tilia
590 481 645 546 filii
660 481 831 548 filiasue:
856 482 920 548 iilia
943 481 1015 547 filice
1031 480 1088 547 filii
1102 480 1217 546 uxoris
1240 502 1318 548 sua:

216 582 282 650 filia
307 583 380 648 iilia
403 582 477 648 filia
497 580 605 646 uxoris
628 605 713 647 sace:
739 591 841 648 mater
861 582 970 649 matris
989 580 1091 670 petris
1113 577 1228 646 uxoris
1249 601 1318 658 sne,

217 694 320 750 mater
340 681 442 770 patris
456 679 567 746 matris
582 681 689 746 uxoris
704 705 790 748 nice:
814 681 848 748 id
868 691 926 760 est,
948 692 985 748 ut
1006 702 1094 747 more
1116 679 1236 768 loquar
1258 680 1319 746 Ro-

217 805 321 862 mano,
336 781 418 849 ariae
433 788 467 846 et
482 779 620 867 proaviae
636 802 752 859 omnes,
772 803 983 870 pronovercae,
1000 789 1186 869 proneptes,
1203 781 1318 869 propri

217 884 332 973 vigne,
357 902 523 969 pronnrus,
547 900 732 967 prosocrus:
766 883 840 968 quia
865 881 979 948 scilicet
1000 891 1033 947 et
1057 882 1118 947 sub
1143 879 1318 971 agnationis

217 983 342 1050 nomine
361 980 644 1068 comprehendatur
666 980 774 1047 similis
791 982 943 1071 cognatio,
969 975 1005 1048 et¹
1018 980 1077 1048 snb
1099 981 1208 1069 primo
1224 981 1318 1072 gradu

216 1081 381 1159 woradus,
405 1089 440 1148 et
461 1080 671 1147 subsecundo
688 1081 809 1159 tertius,
834 1081 918 1148 ultra
938 1103 1029 1169 quem
1048 1081 1105 1148 rix
1122 1090 1175 1149 ιιι
1196 1093 1235 1148 ιιι
1250 1080 1318 1148 oriri

216 1180 431 1249 eontrorersia
446 1180 552 1270 possit,
574 1203 643 1246 cunr
659 1180 784 1270 alioqui,
807 1181 834 1247 si
850 1193 963 1270 posset,
986 1181 1020 1247 in
1035 1179 1198 1249 infinitam
1215 1182 1318 1249 eaden

215 1283 324 1350 futura
340 1290 423 1349 esset
438 1281 529 1348 ratio

293 1386 316 1450 5
351 1382 423 1448 Ηιι
443 1391 549 1447 autem
565 1380 661 1470 leges,
685 1389 718 1447 et
734 1401 775 1446 no
791 1381 905 1448 iratres
924 1382 1083 1449 sororibus
1104 1382 1315 1460 miscerentur,

216 1480 278 1571 ipsi
294 1481 416 1548 Ademo
432 1490 559 1548 censent
579 1481 669 1547 datas
685 1481 815 1546 Hebraei
835 1481 925 1548 simul
942 1504 1011 1548 oum
1028 1482 1101 1571 lege
1118 1483 1161 1550 de
1181 1484 1253 1550 Deo
1273 1504 1316 1548 oo·

218 1581 323 1659 londo,
337 1580 411 1668 jure
428 1581 568 1660 dicendo,
585 1603 648 1647 non
665 1580 824 1646 suadendo
840 1581 999 1671 sanguine,
1014 1603 1076 1648 non
1094 1582 1237 1649 colendis
1254 1583 1315 1649 Diis

216 1681 313 1759 salsis,
330 1702 393 1746 non
409 1681 560 1769 rapienda
575 1704 611 1746 re
625 1682 747 1746 aliena:
772 1680 829 1746 sed
846 1681 892 1746 ita
905 1695 942 1748 ιιι
957 1681 1045 1770 leges
1058 1683 1245 1773 conjugales
1261 1684 1315 1749 rin

217 1803 305 1848 suant
318 1802 381 1847 non
398 1790 590 1858 exsererent,
614 1781 672 1846 nisi
689 1789 761 1868 post
776 1779 1012 1867 multiplicatum
1028 1780 1098 1867 jam
1120 1784 1201 1850 satis
1216 1784 1315 1850 hume

216 1903 292 1949 nunt
315 1903 427 1971 genus,
451 1881 536 1968 qnod
552 1882 619 1969 ipso
641 1880 727 1947 initio
742 1879 808 1946 sine
823 1879 956 1968 itanum
979 1890 1013 1947 et
1034 1903 1184 1948 sororum
1207 1881 1316 1970 nuptiis

216 1981 398 2072 contingere
414 1981 561 2069 nequivit
606 1981 717 2067 Neque
739 1979 861 2046 referre
882 1988 995 2068 putant
1019 1980 1105 2068 quod
1133 1980 1169 2048 id
1190 2004 1212 2048 a
1233 1985 1316 2049 hlose

215 2074 294 2148 ΙΙιιιο
321 2081 390 2148 loco
416 2090 578 2147 narratum
603 2079 752 2146 nonsit:
778 2079 853 2166 quia
874 2080 950 2146 satis
974 2079 1084 2146 habuit
1104 2081 1167 2147 hoe
1193 2081 1227 2148 ia
1251 2083 1316 2172 lege

215 2180 285 2271 ipsa
300 2180 395 2248 tacite
410 2180 571 2258 indicasse,
590 2203 659 2246 eum
674 2190 784 2269 gentes
801 2188 967 2247 extraneas
981 2202 1018 2246 eo
1035 2180 1165 2246 nomine
1182 2182 1316 2249 damnat

214 2281 318 2348 Multa
334 2281 415 2348 enim
433 2281 509 2346 talin
524 2303 591 2346 esse
613 2280 646 2346 in
667 2279 748 2369 lege,
770 2301 842 2366 quae
864 2301 927 2345 non
944 2277 1098 2367 temporis
1117 2281 1242 2360 ordine,
1265 2281 1317 2349 sed

213 2403 255 2449 ex
277 2381 437 2448 occasione
461 2380 626 2446 dieantur:
652 2379 735 2446 unde
750 2378 804 2444 illa
820 2379 904 2445 inter
920 2378 1076 2445 Hebraeos
1094 2380 1232 2448 celebris
1251 2404 1318 2449 sen·

212 2480 331 2548 tentia:
356 2479 389 2546 in
406 2480 476 2570 lege
496 2502 558 2546 non
575 2502 642 2546 esse
659 2480 747 2567 ptius
762 2487 819 2546 aut
835 2478 998 2567 posterius,
1021 2477 1129 2557 idest,
1149 2483 1254 2549 multa
1272 2503 1319 2549 re·

210 2580 289 2648 serti
306 2577 446 2675 ὕστερον
464 2576 641 2673 πρότερον.

252 2757 266 2793 ¹
281 2757 331 2806 Sao
344 2758 396 2806 loco
408 2764 534 2805 παπαιιοιι
544 2771 591 2804 nou
604 2755 649 2817 rit]
674 2755 736 2802 Nam
786 2755 836 2816 [Ex
851 2754 888 2801 his
908 2755 1018 2803 omnibns
1033 2770 1082 2803 non
1098 2761 1186 2818 potest
1201 2764 1258 2808 ιηω
1272 2758 1321 2807 001.

207 2848 288 2896 neqm
296 2834 337 2880 lex
346 2833 388 2879 illa
398 2839 494 2879 aamta
504 2839 548 2890 est,
559 2847 589 2880 ex
600 2846 648 2893 qna
658 2830 674 2878 J
678 2832 737 2876 udas
785 2830 837 2889 ligi,
851 2829 956 2890 aliquam
969 2830 1049 2890 legem
1062 2845 1078 2876 a
1092 2831 1147 2879 Deo
1158 2833 1236 2882 fuisse
1248 2834 1320 2881 latam

208 2908 557 2957 'l'bamaremeomburirolnit
574 2907 613 2953 Sic
621 2905 736 2953 sichemi·
786 2905 816 2951 de
829 2905 941 2951 adulterii
959 2911 1002 2952 ant
1024 2912 1111 2968 raptus
1134 2922 1221 2968 poem,
1235 2911 1277 2957 vel
1291 2910 1320 2955 ds

208 2983 339 3032 tanndlth
346 2988 411 3028 recte
418 2982 509 3028 occisos
519 2983 562 3038 ait,
576 2982 640 3042 quod
648 2980 736 3040 virgini
785 2979 885 3026 incestu.
894 2979 1033 3027 Dirimuain
1040 2981 1112 3029 Notio
1118 2983 1232 3031 Gallicis.
1243 2983 1320 3044 Mil

207 3065 317 3120 stuprum
336 3056 481 3113 intulissent,
499 3069 537 3103 tx.
555 3060 577 3103 2.
601 3061 626 3102 et
647 3056 735 3101 liuban
829 3054 933 3102 ’Locus
948 3061 985 3102 ιιι
995 3059 1061 3117 apud
1077 3061 1272 3118 Αοοιιιτιιωιι,
1283 3060 1320 3107 ne

206 3133 283 3194 patris
299 3132 428 3179 maledicto
447 3132 533 3177 feritur
555 3132 586 3177 ob
608 3131 734 3177 incestum.
786 3129 856 3179 Cioit.
866 3131 916 3178 Dei
923 3131 977 3178 Lib.
985 3146 1009 3179 r.
1016 3146 1039 3179 c.
1049 3136 1087 3180 10.
1098 3135 1319 3197 nanumeecrip

206 3376 368 3451 daughter’s
387 3379 460 3435 son's
483 3379 640 3452 daughter3
662 3381 747 3436 niie's
768 3382 841 3438 son’s
864 3383 1026 3456 daughtor's
1047 3384 1212 3457 daughter3
1233 3385 1318 3441 wife't

206 3465 367 3537 daughter's
376 3466 695 3538 daughtct'sdaughtcr3
715 3469 798 3523 wise's
810 3469 925 3524 fathcr's
935 3470 1067 3525 mother's
1082 3470 1218 3536 mother3
1233 3471 1319 3527 wise't

206 3552 340 3608 mother's
359 3552 474 3608 father’s
490 3554 617 3608 mother:
646 3554 735 3609 which
755 3554 804 3610 tho
819 3557 943 3611 Romans
963 3572 1076 3627 express
1091 3556 1122 3610 in
1144 3573 1164 3612 a
1183 3558 1318 3614 different

206 3655 277 3710 way.
323 3639 387 3694 And
400 3656 431 3694 ιο
445 3641 476 3694 in
490 3642 627 3714 infinitum
643 3640 668 3694 if
680 3642 702 3694 it
716 3641 800 3695 could
815 3642 851 3695 be
863 3659 1019 3713 necessary.

261 3733 279 3780 ⁶
310 3725 403 3781 These
418 3727 493 3791 lawe,
507 3727 563 3781 und
585 3727 634 3781 tho
655 3727 705 3780 law
724 3728 833 3797 against
849 3727 899 3782 tho
920 3729 1059 3799 marriage
1073 3727 1108 3781 oi
1124 3727 1248 3785 brother
1261 3726 1318 3784 and

206 3810 296 3876 ιίιιοι,
310 3812 360 3867 the
372 3812 506 3867 liebrews
522 3813 603 3867 think
620 3830 692 3868 were
707 3814 788 3882 giren
804 3822 833 3866 to
849 3813 939 3867 Adam
955 3821 985 3868 ot
1003 3814 1053 3869 the
1068 3831 1147 3869 samo
1163 3816 1237 3871 time
1251 3815 1319 3871 with

204 3895 256 3951 the
268 3897 342 3962 lans,
357 3904 387 3952 to
399 3899 518 3970 worship
531 3900 604 3962 God,
620 3907 669 3953 not
684 3907 713 3952 to
725 3898 795 3952 shod
811 3898 903 3963 blood,
919 3913 949 3953 to
960 3899 1081 3973 worship
1098 3918 1137 3956 no
1149 3901 1226 3958 false
1240 3903 1319 3975 gods,

205 3989 257 4037 not
275 3991 306 4038 to
329 3983 395 4038 take
410 3983 485 4037 what
505 3986 528 4038 is
549 3984 697 4039 anothcr’s.
745 3985 802 4039 But
824 3984 891 4056 thoy
906 3986 987 4040 think
1007 3986 1070 4041 that
1089 3985 1140 4043 the
1162 3989 1232 4044 lans
1252 4006 1319 4044 con·

205 4071 321 4142 coming
336 4068 385 4124 tho
399 4071 529 4140 conjugat
545 4072 631 4124 union
646 4087 718 4125 nero
733 4071 814 4141 giren
833 4088 864 4124 ιο
885 4071 947 4126 thot
962 4072 1030 4145 they
1044 4073 1149 4129 should
1164 4082 1219 4130 not
1234 4075 1273 4131 bo
1290 4076 1319 4129 in

204 4155 283 4212 force
303 4156 346 4211 till
362 4156 411 4211 tho
432 4155 537 4209 human
553 4174 617 4211 racc
632 4174 686 4210 was
701 4165 732 4211 to
747 4173 764 4210 a
779 4158 885 4211 certain
901 4165 998 4213 extent
1013 4160 1197 4232 multiplicd3
1226 4160 1320 4216 which

204 4242 287 4296 eoultl
308 4251 358 4299 not
375 4242 441 4298 take
461 4243 541 4315 place
564 4253 592 4296 ot
615 4245 675 4297 first
690 4243 808 4297 without
829 4243 877 4297 tho
898 4247 1037 4316 marriage
1052 4246 1086 4301 οἰ
1103 4246 1241 4304 brothers
1263 4247 1320 4303 aad

202 4327 307 4386 sisters.
345 4331 409 4385 Nor
424 4330 461 4384 do
476 4329 543 4400 thoy
560 4330 639 4383 think
655 4331 676 4384 it
689 4347 744 4402 any
759 4330 899 4401 objection
910 4339 939 4385 to
955 4331 1011 4387 this
1023 4341 1155 4397 account,
1178 4334 1243 4390 that
1259 4336 1284 4391 it
1298 4336 1321 4390 ia

202 4424 254 4472 not
267 4418 350 4490 giren
365 4418 395 4472 in
410 4416 459 4473 tho
473 4417 617 4472 annatioa
632 4417 665 4473 oi
676 4417 787 4484 llosos3
809 4417 854 4473 sor
868 4416 904 4472 ho
919 4416 987 4472 hcltl
1003 4419 1025 4473 it
1040 4419 1185 4477 sufficient
1200 4429 1232 4479 to
1249 4421 1322 4479 indi-
