2774 4854
82 224 154 279 Car.
169 216 207 293 1.]
311 219 364 277 Dii
386 219 637 277 nnenxswhn
660 218 725 276 SUI
747 219 798 277 ET
819 220 967 279 RERUhL
1133 212 1198 277 213

83 385 217 462 stantiis,
246 406 307 451 nou
335 385 482 452 honestos
507 392 630 452 tautum
655 385 711 452 sed
738 395 772 455 et
796 387 928 456 debitos.
976 385 1028 454 hd
1051 385 1084 454 id
1110 407 1196 465 sero,

84 487 169 572 quod
186 486 330 565 diximus,
348 487 463 551 caritas
479 509 536 551 nos
552 486 730 578 obstringit.

162 589 183 651 2
218 587 285 651 Nec
310 587 351 650 ab
380 585 439 650 hae
468 587 624 653 sententia
649 589 790 655 dimovet
811 610 861 655 me
878 588 1044 676 tumulus,
1062 610 1133 654 eum
1149 587 1349 661 situatam

84 686 267 774 principem,
296 686 350 772 qui
376 684 570 753 innocentem
597 688 736 766 insultet,
762 690 905 756 desinere
930 687 1102 776 prinoipem
1127 709 1196 755 esso
1209 667 1317 708 'lm‘

85 787 153 873 ipse
179 788 283 850 iacto:
311 806 374 871 quo
393 786 445 851 rix
466 787 632 874 quicquam
651 789 752 876 potuit
769 788 830 855 diei
853 788 1027 856 autminus
1048 807 1124 853 rere
1138 796 1196 855 aut

84 886 185 975 magis
202 884 381 972 periculose.
409 887 489 952 Nam
508 888 585 954 sicut
602 888 748 968 dominia,
767 889 862 955 itaet
878 889 1008 977 imperia
1025 908 1088 953 non
1104 886 1196 955 amit·

84 998 196 1053 tuntur
214 985 433 1072 delinquendo,
460 987 519 1052 nisi
537 989 587 1054 lox
605 987 636 1053 id
653 997 781 1055 statuat
835 992 915 1068 Qum
940 999 1046 1056 autem
1069 987 1130 1053 boe
1154 987 1197 1054 do

85 1085 225 1173 imperiis
253 1096 408 1153 statueret
434 1086 496 1163 lex,
524 1099 561 1154 ut
585 1087 698 1154 delicto
724 1087 756 1152 in
783 1088 939 1176 privatum
963 1088 1195 1166 emitterentur,

85 1207 239 1272 nusquam
257 1198 386 1274 reperta
402 1197 459 1263 cst,
486 1209 543 1253 nee
567 1197 727 1275 repertum
745 1186 784 1254 iri
801 1189 916 1254 eredo:
944 1210 1095 1255 summam
1113 1187 1197 1254 enim

85 1309 192 1352 rerum
210 1286 419 1353 contusionem
436 1287 608 1354 induceret.
661 1287 754 1366 Quod
771 1299 876 1354 autem
894 1287 1050 1375 h'asquius
1067 1298 1101 1354 et
1113 1286 1195 1366 huis,

85 1400 119 1453 ct
135 1388 203 1452 aliis
221 1387 325 1453 multis
342 1387 531 1453 illationibus
553 1388 791 1454 tundamentum
815 1389 912 1478 ponit,
938 1387 1071 1476 imperis
1091 1387 1198 1454 omnia

86 1487 264 1576 parentium
292 1510 355 1552 non
375 1486 595 1574 imperantium
621 1488 788 1554 utilitatem
814 1502 967 1576 spectare,
995 1487 1027 1554 id
1051 1485 1198 1553 etiamsi

87 1611 195 1653 verum
214 1587 383 1652 universim
401 1597 491 1664 esset,
509 1588 551 1653 ad
575 1611 641 1653 rem
668 1610 730 1653 non
748 1589 882 1654 iaceret:
910 1587 1072 1654 nonenim
1089 1585 1196 1653 statim

86 1710 139 1753 res
162 1686 276 1762 delicit,
303 1687 391 1772 cujus
414 1688 531 1753 utilitas
553 1687 659 1774 aliqua
682 1687 715 1752 iu
740 1698 831 1775 parto
848 1687 960 1753 deficit
1009 1684 1198 1766 Quodnam

85 1787 185 1864 addit,
212 1787 391 1874 reipublicm
415 1787 656 1854 incolumitatem
682 1808 703 1851 a
726 1785 857 1875 singulis
879 1795 1011 1874 propter
1027 1808 1062 1852 so
1076 1785 1199 1852 deside·

86 1889 163 1966 rari,
191 1899 287 1974 atquo
312 1887 383 1954 ideo
406 1886 522 1953 debere
548 1908 703 1975 quomque
726 1886 821 1952 etiam
838 1886 897 1952 toti
913 1885 1094 1974 reipubliem
1109 1907 1198 1952 suam

86 1988 219 2054 salutem
241 1998 444 2074 anteponere,
470 2008 532 2052 non
557 1986 634 2052 satis
654 1986 801 2053 eohmret.
854 1986 936 2052 Nam
955 1984 1055 2052 nostri
1071 1984 1199 2072 quidem

86 2109 182 2153 eausa
208 2087 431 2175 rempublicam
460 2086 579 2153 salvam
609 2107 677 2153 esso
704 2085 857 2164 volumus,
890 2085 948 2152 sed
980 2107 1043 2152 non
1076 2095 1200 2153 ιιιιιιιιιιι
1308 2166 1313 2175 ι

87 2187 200 2264 nostri,
216 2209 326 2252 rerum
343 2195 377 2252 et
393 2185 527 2252 aliorum
537 2187 560 2251 ⁸.

164 2291 185 2352 3
222 2286 315 2352 Falsa
344 2285 427 2351 enim
455 2295 488 2352 et
520 2308 541 2351 a
569 2284 745 2353 sanioribus
776 2285 968 2375 philosophis
1000 2284 1118 2372 rojecta
1150 2294 1200 2353 est

88 2386 193 2477 opinio
216 2386 479 2453 “existimantium
509 2385 677 2454 amicitiam
710 2409 751 2454 ex
780 2387 847 2453 sola
877 2385 1051 2477 indigentia
1082 2394 1200 2464 natam,

88 2563 196 2624 patiatur
215 2575 241 2608 se
262 2560 373 2613 interfici.
394 2559 467 2606 dubis
490 2558 619 2607 admodum
713 2560 937 2608 tl'ristinastr'sss
957 2557 1089 2606 amicitia
1102 2573 1133 2607 es
1146 2559 1201 2608 osta

88 2647 134 2696 est,
151 2639 251 2698 nequid
267 2638 363 2697 grauius
379 2637 464 2682 dicam.
495 2635 533 2683 Ds
550 2650 579 2682 es
593 2649 620 2683 rs
670 2635 802 2697 indigestio
815 2633 910 2696 netu]
925 2635 1028 2682 nauus
1042 2633 1201 2695 perniciem

88 2716 182 2775 egimus
193 2714 289 2760 uberim
298 2714 321 2758 in
332 2711 459 2761 nostrised
470 2710 619 2757 hunelocusn
669 2711 731 2758 hsnc
742 2711 879 2772 opinionem
895 2710 987 2756 &aces
1001 2708 1064 2756 libro
1074 2721 1093 2758 t.
1108 2708 1138 2756 ds
1152 2709 1201 2758 ns-

89 2790 161 2838 lt’otis
173 2791 280 2837 Gallicis.
313 2788 340 2837 J.
351 2787 383 2837 B.
668 2786 760 2847 notetis
769 2785 848 2847 eapite
858 2797 877 2833 ι.
887 2784 983 2833 stiibto
993 2797 1028 2833 tt.
1040 2798 1094 2847 ep.
1104 2783 1151 2832 nl.

90 3046 206 3102 rolonco
220 3046 303 3099 binde
315 3053 345 3099 to
357 3053 404 3100 aet
416 3062 447 3100 as
459 3061 501 3100 sss
515 3043 588 3100 haro
602 3044 672 3100 said.

144 3140 160 3187 2
183 3133 321 3201 t'asquius
342 3149 403 3202 says
420 3132 482 3187 that
497 3149 514 3187 a
529 3133 635 3203 prineo,
650 3131 731 3187 srheu
749 3130 786 3187 he
801 3131 901 3187 insuite
915 3148 952 3186 sn
975 3130 1110 3189 innocent
1124 3148 1201 3197 man.

91 3237 185 3275 censes
201 3230 231 3273 ιο
247 3220 282 3272 he
294 3235 312 3271 a
326 3220 436 3290 prince:
457 3219 509 3273 but
524 3218 643 3290 nothing
658 3235 712 3274 ean
731 3217 767 3272 bo
788 3219 842 3273 less
858 3227 923 3274 true
938 3235 972 3273 or
987 3235 1066 3274 moro
1081 3219 1203 3292 danger·

90 3324 150 3362 eus.
190 3305 246 3360 For
263 3322 293 3359 as
316 3305 482 3377 ownership,
497 3321 529 3360 so
544 3305 670 3377 political
690 3303 844 3376 authority,
863 3305 886 3359 is
906 3312 957 3360 not
979 3305 1034 3361 lost
1051 3304 1090 3378 by
1111 3304 1201 3361 delia·

90 3410 210 3466 quency,
233 3403 333 3462 except
352 3390 401 3446 tho
423 3392 474 3445 tarr
495 3407 528 3446 so
548 3391 648 3446 direct.
687 3392 744 3445 But
762 3389 843 3446 thoro
858 3408 945 3447 neser
958 3407 1015 3447 oras
1034 3408 1053 3447 ι
1072 3391 1125 3447 lav
1139 3390 1204 3447 that

90 3481 160 3536 such
175 3479 319 3549 authority
333 3477 434 3531 should
450 3495 531 3532 ceaso
550 3476 588 3549 by
607 3493 643 3530 on
659 3477 768 3532 otienee
788 3479 899 3549 against
920 3495 939 3534 ι
958 3479 1068 3552 prtnto
1082 3493 1204 3551 ponent

91 3567 147 3622 and
166 3567 179 3621 1
199 3566 316 3627 notiore,
334 3581 419 3619 ucrer
437 3564 490 3618 will
508 3564 551 3618 bc.
588 3563 651 3617 lind
667 3563 742 3619 what
756 3564 896 3636 i'asquius
916 3565 976 3636 lays
995 3565 1078 3619 down
1100 3580 1131 3618 as
1154 3563 1205 3620 the

91 3653 259 3710 foundation
272 3652 305 3706 oi
318 3651 373 3706 this
386 3651 441 3704 nnd
458 3667 542 3722 many
557 3648 640 3704 other
655 3651 820 3711 interonees.
836 3651 899 3706 that
913 3651 950 3705 sll
963 3649 1109 3723 authority
1124 3649 1205 3706 looks

91 3751 122 3797 to
138 3742 187 3796 tho
206 3740 290 3811 good·
302 3739 336 3792 ot
353 3738 433 3792 those
448 3737 512 3791 who
527 3737 607 3808 obey,
626 3747 676 3792 not
695 3737 729 3792 oi
745 3735 825 3793 thoso
840 3736 902 3793 niro
917 3737 1077 3803 command,
1095 3753 1166 3793 oren
1181 3736 1209 3792 tt

91 3831 114 3884 it
130 3845 202 3882 srcre
218 3825 388 3894 universatis·
403 3834 475 3885 true.
493 3826 515 3878 is
540 3824 659 3895 nothing
671 3833 701 3879 to
714 3823 764 3879 tho
776 3840 906 3897 purpose.
941 3826 998 3880 For
1010 3841 1027 3879 a
1039 3823 1122 3897 thing
1135 3823 1205 3880 does

89 3924 141 3970 not
153 3914 203 3968 soil
218 3914 337 3968 because
353 3915 388 3965 its
400 3913 494 3983 utitity
508 3913 536 3964 in
548 3928 627 3965 some
641 3927 695 3965 oue
711 3913 792 3983 point
804 3911 876 3968 iails.
903 3912 989 3967 What
1001 3911 1038 3966 he
1049 3910 1130 3976 adds,
1141 3910 1206 3967 that

91 4002 140 4058 the
153 4002 243 4072 sntety
256 4000 289 4053 os
301 3999 350 4053 tho
368 4000 541 4069 commuuity
555 3999 577 4052 is
592 3998 703 4051 desired
719 3999 756 4070 by
776 3998 845 4053 each
866 3999 911 4054 sor
921 3998 965 4054 bis
978 4015 1040 4054 ovn
1053 3997 1130 4062 sake,
1147 3997 1206 4053 aad

90 4090 235 4144 therefore
250 4086 319 4140 each
336 4096 409 4140 must
426 4085 521 4158 preses
535 4085 579 4138 his
597 4101 658 4138 own
674 4085 764 4156 saiety
780 4095 810 4140 to
825 4085 889 4142 thnt
906 4087 940 4142 ot
958 4086 1006 4141 tho
1021 4086 1207 4157 commuuity,

91 4177 159 4230 ‹locs
168 4185 217 4230 not
228 4174 303 4242 hang
316 4173 454 4242 together.
482 4173 538 4226 i'or
551 4188 592 4226 we
604 4171 696 4226 desire
706 4171 755 4227 tho
766 4172 857 4245 safety
869 4173 903 4228 oi
911 4174 961 4228 tho
972 4173 1148 4243 communlty
1159 4171 1206 4226 ior

90 4273 144 4318 our
155 4279 217 4316 own
227 4262 303 4323 sake,
312 4261 362 4315 but
375 4270 425 4314 not
437 4276 490 4314 our
501 4276 564 4313 osen
576 4259 644 4314 sake
653 4260 730 4332 only,
739 4259 790 4314 hut
800 4259 863 4316 that
876 4260 911 4316 ot
919 4259 1015 4316 others
1022 4260 1092 4315 also.
1118 4253 1158 4329 [J.
1170 4258 1204 4314 B.

90 4350 196 4408 doubts
212 4348 338 4405 whether
354 4347 457 4402 thisbe
469 4341 653 4416 conclusive]

147 4443 164 4495 t
187 4437 248 4495 Tho
263 4438 380 4512 opinion
394 4434 429 4492 ot
436 4434 517 4492 those
530 4433 592 4491 who
605 4432 687 4490 think
702 4431 765 4489 that
776 4432 934 4507 tnmdsutp
945 4433 1032 4489 anses
1042 4430 1119 4488 hon
1131 4430 1206 4490 need
