2774 4854
237 155 303 220 ass
532 162 586 219 nn
607 161 683 229 nus,
705 162 798 229 eun
821 160 1043 220 uounnmus
1236 165 1353 239 [usn

236 327 292 397 Sic
313 350 371 397 noe
390 327 548 419 capitatio,
569 328 688 396 ciuibus
708 328 854 418 imposita
875 329 917 396 ad
938 328 1153 398 sustentanda
1177 331 1355 422 reipublice

237 451 344 510 onera,
362 432 405 496 ab
421 430 538 497 exteris
555 430 788 497 transcuntibus
804 429 889 518 exigi
906 439 1018 518 potest

310 531 332 595 2
366 529 431 596 Sed
455 528 483 595 si
504 529 622 595 autad
645 529 856 616 praestandam
876 530 1078 596 securitatem
1104 529 1285 610 mercibus,
1306 544 1355 602 sut

236 626 320 695 inter
340 639 447 696 cetera
468 627 563 695 etiam
584 629 625 695 ob
644 629 704 694 hoc
729 650 826 694 onera
850 629 1052 705 sustinentur,
1078 629 1123 696 ad
1146 650 1193 696 ea
1214 652 1353 721 oompen-

235 727 337 794 sanda
363 727 499 818 vectigal
522 728 649 815 aliquod
674 728 790 815 imponi
816 729 970 795 mercibus
993 737 1109 817 potest,
1136 728 1223 796 dum
1251 732 1353 798 modus

236 848 340 894 oausae
361 850 424 894 non
441 827 620 894 excedatur.
661 827 762 893 qIndo
785 828 868 893 enirn
889 827 1006 915 pendet
1020 827 1158 914 justitia,
1186 839 1228 898 ut
1250 831 1352 900 tributi

71 942 208 993 wem
235 924 282 993 ita
301 935 336 992 et
357 926 526 1016 vectigalis.
567 928 618 993 Sic
635 927 770 1016 vectigal
786 949 937 1014 equorum
959 936 993 995 et
1008 927 1083 1005 neti,
1103 951 1183 1018 quse
1201 931 1351 999 Isthmum

103 1081 107 1087 .
236 1023 404 1112 Syriacum
421 1025 607 1103 transibant,
630 1027 749 1114 acecpit
770 1049 828 1092 rex
846 1027 980 1094 Solomo.
1024 1028 1075 1093 De
1096 1030 1200 1098 thure
1218 1032 1351 1099 Plinius:

73 1144 191 1185 annuae
235 1125 346 1191 Erebi
374 1148 438 1190 non
460 1139 576 1212 potest,
601 1128 669 1193 nisi
690 1150 752 1212 per
781 1127 972 1193 Gebanr'tas.
1012 1128 1154 1216 'Itaque
1182 1143 1218 1198 et
1243 1135 1351 1199 toron

69 1191 147 1232 Μ
235 1226 306 1311 reyi
315 1226 475 1311 penditur
488 1227 638 1310 centipot.
689 1227 741 1292 Sic
756 1225 849 1292 ditati
868 1226 1074 1292 Massilienses
1091 1249 1135 1293 ox
1154 1227 1249 1296 fossa
1264 1239 1350 1320 qnam

236 1343 279 1389 ex
294 1324 450 1390 Rhodano
467 1325 500 1389 in
516 1346 604 1390 mare
621 1326 742 1391 Marius
763 1326 908 1403 duxerat,
924 1321 1159 1415 πραττόμενοι
1182 1326 1267 1402 τούς
1282 1327 1351 1400 ἀνι

237 1419 406 1516 πλὸονται
423 1420 476 1493 rai
492 1421 569 1496 roris
589 1421 858 1514 κατιγομὲνουιι
883 1424 1042 1510 ‘vectipal
1055 1427 1228 1510 attinentes
1245 1430 1289 1495 ab
1301 1432 1349 1505 iis,

70 1535 142 1587 nm
237 1524 297 1609 qni
315 1525 456 1589 novibus
477 1526 683 1589 ascenderent
706 1537 765 1589 nort
786 1528 1018 1601 descenderent,
1044 1532 1081 1589 ut
1099 1523 1227 1593 Strabo
1248 1538 1350 1595 narrat

69 1629 139 1679 um
236 1621 318 1686 libro
334 1631 457 1707 quarto.
501 1621 590 1688 Idem
610 1622 690 1688 libro
708 1635 817 1689 octavo
839 1646 895 1690 nos
912 1624 1013 1700 doum,
1036 1623 1228 1692 Corinthios
1244 1629 1287 1694 ab
1301 1650 1349 1694 sn

144 1800 146 1804 μ
219 1708 416 1807 ’ᾗιιίιιίωἰι
439 1743 537 1807 nsque
554 1722 744 1807 temporibus
767 1722 902 1811 vectigal
923 1723 1100 1810 percepisse
1119 1723 1162 1790 de
1187 1727 1348 1804 mercibus,

52 1897 57 1904 Ι
76 1878 82 1885 ,
109 1822 124 1839 “
235 1840 307 1907 qaae
322 1819 365 1885 ad
380 1819 542 1886 vitandum
556 1819 669 1884 Malene
687 1820 814 1897 flexum,
832 1829 920 1887 terra
936 1822 977 1887 de
995 1821 1075 1888 mari
1090 1821 1126 1888 in
1143 1845 1241 1892 mars
1254 1837 1347 1893 ιτιιιι-

15 1905 202 1988 ”τωιιιιιι.
234 1918 426 1985 serebantur.
471 1919 524 1984 Sic
547 1939 604 2005 pro
625 1918 730 1982 Rheni
755 1919 889 1984 transitu
909 1920 1045 2006 pretium
1069 1922 1275 2010 accipiebant
1289 1925 1348 1992 Ro

71 1993 198 2092 iiim*
234 2017 327 2083 mani.
366 2020 488 2085 Etiam
505 2020 542 2082 in
551 2019 707 2106 pontibus
719 2040 783 2102 pro
801 2023 947 2085 transitu
967 2022 1080 2097 datter,
1096 2021 1205 2108 inquit
1224 2025 1345 2091 Seneca

67 2099 212 2201 ξζοἭ,
234 2117 278 2184 Ει
294 2117 335 2182 de
351 2117 512 2182 fluminum
529 2116 664 2182 transitu
681 2116 765 2204 pleni
781 2126 854 2183 sunt
866 2117 1161 2204 jurisconsultorum
1178 2123 1266 2191 iibri.

67 2171 189 2338 ‘gibpp
307 2219 330 2282 3
364 2216 429 2282 Sed
445 2217 593 2302 frequens
614 2224 662 2280 est
679 2224 717 2280 ut
733 2238 841 2303 aequus
864 2218 974 2282 modus
991 2239 1054 2282 non
1074 2232 1239 2300 serretur,
1267 2223 1347 2309 cujus

66 2308 220 2439 papipsnpa
233 2315 280 2381 rei
297 2315 494 2405 Phylarchus
511 2312 652 2380 Arabum
674 2314 796 2382 incusat
812 2316 939 2392 Strabo,
957 2316 1017 2382 hoe
1032 2315 1165 2386 addito:
1192 2319 1347 2416 χαλετὼ

87 2402 101 2429 u
116 2418 122 2431 .
181 2417 188 2430 ο

67 2437 141 2523 ¹221,
152 2484 211 2523 cm
231 2465 332 2514 omnino
346 2466 438 2528 aliquid
450 2466 522 2527 exigi,
537 2466 621 2512 eodem
634 2464 698 2525 jure,
713 2479 763 2525 qno
811 2479 867 2514 cnm
882 2479 974 2527 mgsm,
988 2479 1043 2527 ques
1053 2466 1119 2514 inter
1131 2469 1246 2530 capitula
1261 2470 1346 2532 legitur

67 2530 98 2568 η
123 2529 186 2569 mm·
231 2542 267 2588 rei
277 2555 378 2588 summu
389 2542 467 2601 quiris
476 2542 536 2587 alios
546 2546 622 2587 arcet.
648 2540 763 2586 Dicemus
813 2540 983 2597 Caroliculri,
998 2544 1100 2600 cap-14.

65 2575 156 2659 hiabat?
231 2615 256 2660 tn
275 2614 347 2661 Notis
368 2615 476 2662 Gallicis.
513 2615 614 2660 Interim
634 2614 688 2658 ride
709 2627 763 2672 quos
856 2615 968 2674 rItaque
977 2621 1001 2661 et
1009 2615 1095 2661 boran
1108 2618 1288 2679 repipendr'm
1297 2634 1345 2668 m.

64 2665 195 2756 ffi‘m
232 2689 371 2749 scripsimus
391 2689 416 2733 in
438 2688 608 2734 Pnresuonr.
637 2686 678 2732 De
701 2685 764 2732 Jure
811 2686 884 2750 tipall
902 2688 984 2736 Simile
994 2690 1059 2750 apud
1071 2689 1179 2738 Leonem
1191 2696 1284 2742 Afrum
1300 2709 1344 2742 non

231 2762 294 2810 Nat.
305 2768 327 2809 et
339 2759 686 2822 Gent.Lib.111.osp.3,§t‚
704 2760 762 2805 ulti·
811 2764 884 2822 longe
901 2764 932 2808 ab
950 2763 1026 2810 initio.
1058 2761 1145 2823 [Forte
1161 2766 1225 2828 Peg.
1239 2773 1279 2826 et,
1297 2768 1344 2817 Ed.

230 2851 278 2884 mss
288 2837 416 2884 Editionis.
447 2837 474 2884 J.
485 2836 517 2882 B.
811 2837 921 2885 Eiserir.
937 2837 1019 2899 1632]

275 2920 288 2956 ι
302 2911 363 2959 Inde
370 2911 429 2958 eninr
434 2911 519 2972 pendet
522 2911 631 2969 justitia,
640 2917 667 2957 nt
674 2909 764 2957 tributa
855 2921 864 2944 ⁸
884 2911 990 2973 i'ertipal
997 2915 1115 2974 etiqentes
1127 2915 1160 2962 ab
1170 2918 1211 2975 iis,
1222 2919 1266 2980 quei
1280 2920 1345 2966 nasi·

232 2987 300 3034 itaet
310 2985 444 3047 sectiqatis]
456 2987 519 3033 Vide
529 2985 763 3046 deprendunpcbar·
812 2985 855 3033 bas
870 2988 1020 3034 ascenderent
1033 2995 1077 3035 aat
1092 2988 1272 3056 descenderent]
1293 2994 1345 3041 Huc

231 3058 318 3117 dicant
333 3061 408 3107 Libro
419 3074 459 3106 ιιι.
475 3060 559 3106 Titulo
571 3064 591 3106 1.
609 3075 661 3120 cup.
672 3064 709 3116 31,
725 3064 761 3107 ιιι.
811 3060 920 3107 alludens
937 3061 1114 3121 Aristophanes
1133 3065 1158 3110 tn
1175 3067 1271 3113 Aetbas
1295 3068 1345 3113 ruit

232 3140 259 3182 et
273 3135 400 3195 epistolam
416 3135 592 3196 Episcoporum
609 3135 640 3181 ad
656 3134 761 3180 Ludori·
810 3133 935 3181 interserui
951 3149 1039 3193 aerem,
1061 3143 1090 3183 ut
1110 3137 1152 3184 Dii
1175 3147 1298 3201 cogentur
1316 3142 1345 3187 ds

230 3349 376 3406 neithera
396 3352 621 3425 capitationem
646 3369 699 3405 nor
722 3359 800 3406 taxes
822 3350 868 3405 for
882 3350 931 3405 tho
950 3351 1065 3421 general
1087 3368 1225 3425 purposcs
1247 3356 1283 3411 ot·
1297 3354 1344 3412 the

232 3437 323 3502 State,
337 3453 391 3492 can
406 3438 441 3492 be
454 3437 584 3508 required
601 3438 634 3492 of
645 3438 801 3507 foreigncrs
819 3438 932 3507 passing
948 3436 1079 3507 through.

286 3529 304 3577 2
334 3523 393 3578 But
406 3523 437 3587 if,
456 3523 548 3578 either
568 3532 598 3578 to
616 3523 733 3596 provide
748 3524 871 3592 security
891 3524 935 3575 tur
957 3523 1006 3577 tho
1024 3522 1231 3585 merchnndize,
1253 3543 1287 3580 or
1300 3527 1344 3580 tor

230 3607 287 3662 this
299 3607 384 3679 along
399 3609 466 3662 nith
477 3609 560 3663 other
575 3610 691 3679 objecto,
703 3627 721 3663 a
733 3609 855 3663 burthen
871 3608 920 3660 solt
935 3623 971 3660 on
983 3608 1031 3663 tho
1043 3616 1171 3679 country,
1186 3627 1204 3664 a
1216 3617 1266 3666 tax
1281 3628 1344 3681 may

228 3692 267 3748 be
283 3694 410 3766 imposed
432 3710 470 3749 on
492 3694 542 3749 tho
560 3695 765 3757 merchnndize,
784 3695 809 3746 is
821 3695 842 3746 it
858 3694 894 3746 do
911 3701 960 3747 not
972 3711 1008 3764 go
1023 3694 1135 3764 beyond
1151 3695 1200 3751 the
1216 3714 1344 3753 measure

230 3779 265 3832 of
280 3778 330 3834 the
351 3797 443 3835 cause.
489 3781 564 3834 That
579 3782 602 3833 is
622 3781 670 3835 tho
685 3796 813 3834 mensuro
833 3779 866 3831 of
882 3778 930 3832 the
945 3783 1051 3850 equtty,
1063 3796 1093 3833 as
1109 3780 1142 3834 of
1158 3782 1244 3837 other
1258 3792 1345 3849 taxes,

230 3881 262 3919 so
281 3864 315 3918 of
332 3865 425 3920 duties
447 3882 484 3920 on
503 3865 707 3920 merchnndize,
746 3865 823 3919 Thus
840 3864 975 3917 Soiomon
991 3866 1017 3931 (1
1034 3866 1121 3935 liings
1137 3883 1163 3921 1.
1181 3869 1231 3935 28)
1253 3870 1311 3925 had
1328 3887 1346 3924 a

229 3956 279 4004 tax
299 3967 377 4021 npon
401 3951 497 4006 horses
518 3952 575 4005 and
590 3953 667 4006 lincn
683 3968 753 4022 pam
776 3950 865 4002 wtrieh
887 3950 985 4018 passed
1004 3950 1053 4004 tho
1071 3952 1191 4009 isthmus
1207 3955 1241 4008 οι·
1263 3957 1343 4011 Susa

230 4036 270 4090 So
287 4037 389 4090 transit
412 4037 483 4109 duty
504 4054 559 4091 was
578 4037 737 4092 demanded
755 4035 856 4107 bytho
873 4034 1034 4100 Gebnnitcs,
1052 4037 1220 4104 Massiliam,
1247 4041 1346 4095 Corin·

230 4121 332 4187 thians,
346 4123 480 4178 Romans.
527 4124 593 4177 And
608 4123 657 4178 the
669 4125 768 4193 jurists
780 4123 851 4176 hano
867 4120 950 4174 nauch
967 4129 996 4175 to
1010 4138 1061 4195 say
1073 4124 1106 4178 of
1117 4123 1167 4180 the
1181 4142 1303 4200 passage
1317 4127 1351 4181 of

229 4224 327 4262 rurore.

287 4299 304 4349 3
334 4294 391 4348 But
406 4294 462 4350 this
474 4294 547 4349 linuit
560 4295 583 4350 is
596 4295 675 4350 often
689 4292 897 4366 transgressed5
914 4310 944 4347 as
957 4293 996 4366 by
1008 4294 1057 4350 the
1070 4293 1196 4350 Arabica
1209 4295 1309 4354 chiese.
