2774 4854
231 218 296 282 210
482 224 536 281 Dii
557 224 672 281 Blith
695 222 840 288 causis,
861 219 913 278 Er
934 219 1094 278 PRIMUM
1224 219 1300 292 [hm.
1311 223 1346 280 11.

232 405 327 461 ruant
352 391 504 469 hortinas,
529 395 713 460 metuendos
737 392 825 458 ultro
850 413 884 458 ee
908 392 1055 477 efficiant,
1080 402 1113 457 et
1139 391 1306 460 iniuriam.
1325 415 1345 444 a

230 495 325 560 nobis
349 494 524 579 repulsam,
552 506 711 576 tauquam
737 505 797 558 ortt
814 495 931 578 saccae
954 513 976 556 r
1076 546 1080 553 .
1169 520 1182 554 .·

233 594 434 679 injungimus
463 593 553 657 aliia.
607 592 646 658 Iu
672 592 751 658 tales
782 614 844 657 non
872 590 953 656 male

66 700 189 785 {iffa
236 691 338 779 Crispi
354 713 375 757 a
393 690 584 769 Quintiliano
604 691 773 768 laudatum,
795 694 877 768 Quis
892 691 955 756 riti
974 712 991 756 e

65 803 221 854 ualeant
234 791 340 858 Etiam
357 789 448 856 Liria
463 790 548 876 apud
564 791 696 856 Diouem
714 792 769 868 ait,
786 789 946 857 infamiam
962 810 1005 856 eo.

233 890 353 958 facinus
369 889 453 976 quod
470 887 590 966 timent,
608 901 768 978 occupent.
1009 967 1016 977 ,

311 990 332 1055 2
368 987 461 1066 Quod
487 986 515 1052 si
542 990 611 1075 quis
636 989 698 1056 vim
724 1012 785 1056 non
806 989 874 1078 jam
895 1011 1026 1079 praesen·
1130 1049 1133 1053 .
1202 1000 1223 1053 f,
1259 1013 1330 1047 .·-·.e

235 1087 412 1176 conjurasse
436 1095 493 1154 aut
517 1086 655 1155 insidiari
679 1101 856 1177 compertus
878 1091 929 1170 sit,
947 1091 974 1156 si
992 1113 1149 1158 venenum
1167 1085 1341 1166 attineri

234 1187 346 1254 falsam
370 1186 606 1267 accusationem,
634 1189 746 1255 falsum
773 1190 994 1269 testimouium,
1023 1190 1170 1277 iniquum
1197 1188 1340 1277 judicium

235 1287 348 1366 moliri,
374 1287 457 1353 hunc
481 1310 562 1377 nego
585 1288 658 1376 jure
684 1309 775 1376 posse
799 1289 951 1367 interlici;
987 1289 1014 1356 ei
1050 1301 1108 1356 aut
1132 1289 1234 1357 aliter
1258 1287 1341 1356 eradi

235 1387 407 1476 periculum
423 1396 545 1474 potostr
568 1398 623 1454 aut
648 1410 711 1454 non
737 1396 856 1456 certum
881 1389 958 1456 satis
983 1398 1032 1457 est
1056 1388 1153 1454 aliter
1171 1387 1268 1454 evadi
1287 1407 1342 1451 nou

235 1507 335 1576 posse.
387 1486 576 1572 Plerumque
598 1488 680 1553 enim
705 1487 889 1576 interposita
909 1486 1058 1575 temporis
1074 1508 1171 1553 more
1193 1486 1237 1553 ad
1253 1484 1343 1551 mula

236 1584 387 1663 remedia,
413 1585 456 1649 ad
480 1586 593 1651 multos
611 1587 706 1653 ctiam
730 1608 819 1654 casus
836 1595 942 1674 patet:
967 1594 1004 1653 ut
1025 1585 1087 1653 dici
1102 1585 1197 1668 solet,
1217 1585 1300 1652 iuter
1314 1604 1343 1649 os

238 1693 272 1751 et
297 1685 410 1751 offam:
438 1704 625 1771 quamquam
653 1708 716 1751 non
742 1686 855 1754 desunt
877 1698 911 1754 et
934 1685 1099 1776 Theelegi,
1124 1694 1162 1752 et
1188 1685 1215 1752 J
1217 1685 1344 1752 uriarum

69 1789 141 1881 {333
147 1789 225 1875 ᾗῇ
237 1783 320 1862 sulti,
351 1783 405 1870 qui
435 1782 661 1873 indulgentiam
691 1807 780 1856 auam
813 1786 937 1877 longius
970 1786 1155 1854 extendant.
1222 1783 1288 1852 Sed
1317 1790 1346 1850 ci

236 1942 763 2006 licqucenimArrrarrcs,diethibnnpag.
815 1945 884 1993 bora
905 1941 1346 1996 Paulusscutentiarumv.flt.x1ili.

152 2047 157 2055 ·
234 2022 287 2069 448.
299 2019 516 2078 ubidccademre,
526 2020 685 2068 ullnmrnetur
695 2034 764 2067 men·
816 2017 865 2078 53.
886 2017 1058 2078 gutierrum
1072 2017 1163 2066 eoedeue
1182 2016 1233 2065 etus
1250 2017 1347 2078 infera·

234 2095 326 2144 tionem
353 2096 419 2143 iacit.
448 2095 515 2143 Vitio
540 2096 661 2143 memoriae
688 2095 765 2155 igitur
815 2093 1121 2154 tffieetdiamqacmlitet
1130 2093 1348 2156 mpnniasnn·

146 2187 174 2227 ⁴,
235 2171 330 2219 Auctor
345 2171 406 2218 duos
424 2170 486 2218 ister
504 2170 639 2218 ilistoricoa
655 2171 763 2221 interrae
815 2169 1142 2230 temoceiderit,prrnirinon
1151 2170 1260 2231 placuit.
1280 2169 1348 2216 Alius

235 2246 352 2294 confudit.
386 2245 457 2293 Adde
472 2245 562 2291 dictum
577 2245 643 2291 aliud
656 2246 763 2306 ejusdcm
815 2244 876 2290 enim
886 2245 966 2301 uitam,
976 2244 1041 2290 aliur
1046 2244 1169 2305 pudorem
1177 2242 1347 2305 mamsed-
1372 2241 1379 2259 ⁸

236 2320 549 2381 cmmrapuusrmros.
561 2319 764 2367 inlutatidet
815 2333 873 2366 aare
894 2319 1006 2380 defendit.
1037 2319 1199 2379 Augustinus
1217 2320 1310 2367 libror.
1323 2316 1349 2365 dt

234 2393 666 2455 Pauruacuuu,iit.Caeap.7³0a.
686 2392 764 2455 Mt]
815 2393 905 2442 Litore
922 2395 1052 2442 Arbitrio:
1074 2395 1129 2442 Le:
1151 2395 1200 2443 dat
1214 2400 1348 2456 poem

279 2469 291 2501 ⁸
305 2471 391 2516 innuit
403 2469 483 2517 locum
499 2469 601 2517 Deuter.
612 2470 668 2515 xxii.
681 2470 764 2527 25,‘.’ti.
815 2470 853 2516 eei
865 2472 955 2517 uiatori
965 2474 990 2516 ut
1002 2471 1125 2529 iatronem,
1136 2470 1245 2518 madeo
1255 2471 1348 2532 ipoeoe·

235 2546 300 2593 unde
310 2544 516 2600 tamen‚rireries
529 2544 644 2590 emtionis
659 2557 764 2604 perpeu·
816 2545 920 2604 eidutnr,
935 2546 1027 2593 occidat
1035 2562 1046 2602 ,·
1061 2547 1100 2594 ret
1117 2548 1229 2608 αἰρίωι
1245 2548 1300 2594 ciro
1311 2549 1348 2593 atti

236 2621 316 2675 datur,
331 2634 379 2667 nou
393 2624 475 2681 potest
489 2619 550 2675 elici,
566 2619 651 2666 saltem
666 2619 764 2676 directe,
809 2621 910 2681 firninoe
920 2626 945 2666 ut
954 2621 1051 2667 riolcute
1060 2622 1348 2683 citirtupmtmaim·

236 2696 376 2758 pudicitiam
388 2695 442 2742 ritro
448 2694 576 2754 adequari
607 2694 635 2740 J.
645 2694 677 2740 B.
816 2703 895 2752 etitem,
905 2702 948 2743 eut
955 2701 1011 2756 post
1021 2695 1115 2744 illatum
1128 2704 1252 2758 stuprat,
1263 2698 1288 2745 ei
1297 2711 1348 2759 pcc·

282 2779 295 2804 ¹¹
309 2770 459 2818 Pudicitiam
469 2770 524 2815 citer
537 2767 655 2828 adnqnet]
674 2770 765 2816 Seneca
816 2772 987 2827 ritiuterimut.
1014 2770 1123 2831 [Cup.5.
1146 2774 1189 2819 Ita
1199 2774 1348 2822 nauclerum

237 2846 267 2895 de
280 2846 405 2906 Beneficiis
423 2846 508 2907 primo,
525 2844 603 2903 cupite
623 2844 763 2892 undecimo:
817 2847 950 2905 Augustini
971 2847 1066 2892 Auctor
1090 2852 1178 2894 nester
1198 2848 1348 2905 laudaveram

238 2921 359 2970 Proxima
370 2921 401 2967 ab
415 2921 455 2967 iris
464 2923 518 2966 rurrt
527 2920 578 2964 siue
588 2917 672 2978 quibus
678 2933 764 2977 perne·
817 2921 881 2967 unde
891 2922 1078 2981 insequentibus
1090 2921 1156 2970 Edd.
1167 2924 1292 2979 imunt,
1301 2931 1349 2973 aute

237 3009 288 3042 mus
301 2995 394 3056 quidem
410 2996 496 3051 cicere,
511 2993 554 3040 red
568 2998 594 3037 nt
609 3007 672 3038 mors
684 2994 766 3052 potior
817 3001 921 3056 autpest
932 2997 1025 3043 illatura
1039 3001 1150 3058 rtuprurrr
1165 2997 1212 3047 dre.
1229 3001 1300 3048 neila
1312 3014 1349 3047 no·

237 3072 277 3128 rit,
284 3075 397 3133 tauquam
405 3071 510 3127 libertas,
516 3075 537 3116 et
545 3068 766 3128 pudicitiarum
817 3072 935 3129 cessitate,
943 3071 1102 3132 periuratum
1112 3086 1280 3137 renamquem
1290 3078 1349 3125 Aac·

238 3274 331 3347 [Sca]
367 3278 474 3334 Gellius
487 3295 558 3351 says,
577 3297 595 3334 a
609 3295 675 3334 man
692 3281 715 3335 ir
733 3287 783 3335 not
805 3286 834 3336 to
853 3287 899 3336 act
917 3280 975 3335 like
993 3297 1011 3335 a
1027 3280 1183 3353 gladiator,
1198 3285 1267 3343 who
1282 3293 1349 3342 must

237 3363 289 3418 kill
304 3381 338 3419 or
351 3363 387 3419 bc
399 3365 495 3421 killed.
543 3366 581 3419 So
597 3366 704 3431 Cicero,
720 3368 825 3438 quoted
840 3367 878 3439 by
894 3366 1065 3431 Quintilian:
1097 3368 1268 3445 Euripides,
1279 3375 1350 3430 Thu-

239 3450 364 3520 cydidcs,
382 3452 461 3523 Liry.
509 3452 664 3514 Quintilian
680 3463 787 3524 quotes,
804 3455 872 3508 tt'no
887 3454 1000 3507 allowed
1013 3472 1069 3525 you
1083 3458 1257 3533 auctiferas-5
1291 3459 1349 3518 And

239 3537 488 3593 seLiviainDio.
528 3533 617 3607 [Sco]

295 3630 312 3677 2
340 3623 370 3677 lf
381 3641 436 3696 any
448 3641 502 3679 one
515 3624 604 3678 direct
616 3625 725 3695 against
738 3641 770 3679 us
782 3625 909 3680 violence
921 3632 971 3680 not
983 3633 1116 3696 prosontt
1140 3644 1173 3684 aa
1185 3629 1214 3684 it
1223 3630 1264 3688 he
1274 3633 1349 3688 make

240 3725 258 3762 a
270 3710 444 3782 conspiracy,
463 3727 495 3765 or
508 3711 553 3781 lay
566 3729 602 3764 an
615 3710 741 3771 arnbush,
760 3729 793 3763 or
805 3719 856 3781 put
868 3712 966 3782 poison
979 3711 1008 3764 in
1027 3727 1080 3766 our
1090 3731 1163 3785 way,
1178 3732 1216 3772 er
1227 3720 1312 3775 mail
1321 3736 1350 3775 m

240 3794 340 3849 witha
359 3795 428 3851 salse
443 3798 613 3860 accusation,
639 3797 709 3849 falso
732 3798 892 3868 testimony,
911 3814 944 3852 or
968 3797 1121 3868 iniquitous
1140 3802 1318 3876 judgmeatt
1337 3806 1350 3860 Ι

241 3879 316 3951 dcny
338 3881 400 3935 that
423 3881 460 3936 ho
482 3899 547 3952 may
571 3883 606 3935 bo
626 3881 749 3952 lattiully
766 3882 845 3944 sinin,
867 3883 893 3936 if
908 3883 1000 3938 either
1018 3882 1067 3937 tho
1094 3885 1210 3960 danger
1230 3909 1299 3967 may
1319 3893 1351 3949 be

241 3963 388 4021 otherwise
403 3967 530 4031 avoided,
551 3983 584 4021 or
605 3969 626 4020 it
647 3968 682 4022 be
699 3978 750 4022 not
770 3970 877 4022 certain
899 3969 961 4024 that
982 3970 1005 4025 it
1024 3981 1131 4027 cannot
1150 3974 1189 4031 bo
1206 3978 1351 4036 otherwise

240 4051 369 4106 avoided.
415 4053 471 4106 For
491 4052 574 4124 delay
597 4053 690 4108 allone
714 4071 844 4108 rceourso
866 4062 895 4110 to
916 4073 1000 4128 many
1022 4059 1164 4116 remedier
1189 4067 1252 4121 aud
1274 4083 1351 4138 marty

241 4135 379 4202 chances;
400 4154 430 4192 as
446 4154 486 4191 tro
506 4155 564 4208 say,
582 4139 708 4194 between
723 4140 772 4195 the
792 4159 847 4212 cup
862 4141 918 4195 aud
940 4142 988 4197 tho
1008 4144 1057 4214 lip.
1103 4146 1264 4223 Although
1278 4153 1352 4209 thero

240 4239 290 4279 are
305 4231 355 4278 not
369 4224 492 4292 wanting
506 4224 575 4277 both
591 4226 694 4280 durists
709 4227 764 4280 and
781 4228 896 4281 Divinos
915 4228 976 4280 who
992 4230 1096 4284 extend
1112 4232 1167 4290 tho
1180 4236 1351 4310 indulgence

240 4308 360 4365 further.
398 4311 457 4363 But
469 4309 517 4363 tho
530 4310 611 4364 other
625 4314 749 4383 opinion,
764 4313 888 4368 uhichis
904 4313 952 4368 the
964 4314 1059 4370 better
1073 4317 1134 4372 und
1149 4321 1243 4389 ufer,
1261 4324 1349 4380 isaltc

241 4400 294 4452 not
304 4395 423 4452 without
434 4397 470 4450 its
485 4396 660 4453 authorities.
