2774 4854
171 205 215 270 26
468 211 565 281 curo
589 211 759 279 annuant,
784 211 881 279 euro
906 210 985 269 rus
1169 211 1277 286 [uma

169 384 293 453 tantum
310 377 387 444 satis
403 376 566 443 obscuram
584 374 617 441 in
640 372 702 440 Dei
721 373 864 442 bonitate
887 373 1022 464 positam
1045 373 1166 441 habere
1192 383 1277 462 pote

169 499 288 558 ramus,
311 500 394 545 nunc
408 477 525 545 diserto
541 475 668 542 'tatere
691 473 865 554 fulciamur,
889 485 987 564 utque
1002 475 1036 542 in
1058 497 1155 542 unam
1173 475 1276 542 Eccle-

169 578 246 645 siam
271 579 443 647 coalescere
466 577 618 666 possimus
639 597 710 643 cnm
734 569 883 644 Hebraeis
908 577 978 643 lillis
1009 575 1274 654 Patriareharum,

169 679 295 747 sublata
328 679 466 769 ipsorum
502 677 584 766 lege,
622 697 684 764 quo
720 675 808 743 velot
844 676 1100 767 intersepimento
1132 697 1156 743 a
1189 676 1274 745 nobis

169 778 406 848 distinebantur.
457 779 575 865 Ephes.
593 777 626 846 ii.
645 779 699 844 14.
1182 789 1184 793 ’

248 881 359 948 xvii.
393 883 412 945 1
461 877 542 943 Cum
575 900 653 968 ergo
686 876 839 945 directam
873 877 1096 969 obligationem
1131 879 1186 946 lex
1218 900 1273 968 per

167 981 292 1048 Mosam
313 979 390 1046 data
404 977 437 1043 in
459 999 517 1044 nos
538 976 687 1046 inducere
710 1000 772 1045 non
795 977 903 1066 possit,
926 990 963 1047 ιιι
983 979 1051 1068 jam
1073 980 1273 1058 ostendimus,

167 1079 328 1147 videamus
357 1099 486 1166 ecquem
515 1078 610 1145 alium
635 1102 725 1146 usum
751 1078 870 1146 habere
895 1080 1002 1168 possit,
1026 1090 1095 1148 tum
1111 1081 1146 1148 in
1161 1082 1221 1148 hae
1235 1081 1272 1147 de

164 1179 238 1268 jure
260 1179 343 1258 belli,
369 1188 436 1248 tum
453 1178 486 1246 in
502 1178 653 1247 similibus
669 1180 739 1248 aliis
756 1180 987 1270 quaestionibus.
1040 1180 1082 1248 Id
1099 1183 1185 1249 enim
1199 1181 1273 1249 scire

166 1280 210 1348 ad
226 1281 326 1348 multa
341 1280 451 1348 refert.

240 1384 262 1449 2
296 1380 437 1448 Primum
467 1403 545 1471 ergo
572 1380 708 1448 ostendit
735 1379 787 1448 lex
812 1380 964 1463 Hebraea,
990 1381 1025 1448 id
1049 1381 1136 1469 quod
1152 1404 1192 1450 ea
1205 1382 1272 1472 lege

165 1480 346 1571 praeeipitur
363 1504 426 1547 uon
443 1504 511 1549 esse
528 1491 637 1549 contra
649 1480 703 1568 jus
718 1491 850 1548 naturae.
877 1480 965 1547 Nam
987 1503 1058 1548 enm
1071 1480 1125 1569 jos
1142 1491 1271 1560 natura,

165 1590 201 1648 nt
215 1591 291 1649 ante
308 1581 453 1661 diximus,
479 1582 521 1648 sit
537 1594 723 1671 perpetuum
740 1593 836 1670 atque
852 1581 1054 1660 immutabile,
1083 1604 1148 1648 non
1174 1583 1273 1672 potuit

164 1682 282 1760 aDeo,
308 1682 363 1772 qui
388 1683 520 1770 injustus
543 1704 701 1769 nunquam
721 1691 779 1760 est,
808 1681 974 1770 quiequam
999 1683 1153 1750 adversus
1169 1681 1203 1751 id
1221 1683 1271 1771 jus

166 1783 304 1872 praecipi.
355 1782 448 1850 Adde
464 1782 548 1871 quod
565 1782 616 1848 lex
633 1782 732 1849 Musis
748 1796 878 1850 vocatur
900 1782 1101 1850 immaculata
1121 1792 1157 1852 ot
1177 1794 1270 1861 recta,

164 1884 279 1951 Psalm.
295 1883 361 1950 xix.
372 1883 426 1971 qui
442 1883 562 1948 Latinis
579 1882 663 1949 xviii.
680 1884 710 1949 8.
730 1892 763 1949 et
774 1882 924 1971 Apostolc
936 1884 1038 1951 Paulo
1048 1884 1269 1973 sanctajnsta,

164 1983 248 2050 bona
272 1985 365 2051 Rom.
383 1983 436 2053 rii.
456 1985 508 2049 12.

237 2084 288 2151 De
304 2082 470 2174 praeceptis
484 2083 617 2170 loquor:
641 2104 715 2149 nam
732 2081 773 2150 de
796 2082 953 2173 permissis
978 2083 1156 2153 distinctius
1177 2107 1270 2177 agen·

162 2183 314 2252 domest.
351 2183 518 2250 Permissio
543 2184 626 2249 euim
652 2205 723 2270 quae
748 2184 819 2274 lege
844 2185 880 2251 fit
900 2187 985 2268 (nam
1013 2207 1085 2274 qnae
1115 2186 1193 2253 nudi
1225 2192 1270 2252 est

162 2284 247 2364 lacti,
265 2294 298 2351 et
314 2282 527 2373 impedimenti
548 2282 751 2350 remotionem
775 2284 939 2373 signifieat,
965 2286 1028 2352 hue
1042 2307 1106 2352 non
1122 2285 1269 2374 pertinet)

161 2393 218 2453 aut
233 2385 327 2475 plena
344 2393 401 2462 est,
418 2405 489 2471 quae
501 2383 555 2471 jus
571 2384 628 2450 dat
644 2383 686 2449 ad
706 2383 824 2472 aliquid
848 2385 973 2452 omnino
994 2385 1079 2454 licito
1094 2387 1268 2477 agendum

205 2570 218 2597 ¹
232 2561 273 2609 De
284 2560 415 2622 posteriori
429 2573 511 2622 amere
526 2559 599 2606 aliter
613 2574 638 2607 ce
653 2574 692 2607 res
787 2562 848 2611 οΙιι
862 2577 924 2610 nane
939 2563 1018 2621 etiam
1033 2563 1057 2610 ei
1073 2578 1121 2612 m
1134 2569 1159 2614 et
1172 2563 1270 2626 aptius

161 2635 244 2699 babet}
265 2637 329 2685 vids
350 2635 548 2696 chrysostomum
567 2636 599 2681 ad
620 2635 692 2682 finem
742 2638 1094 2700 aCbristiunisproertnndnrt]
1110 2639 1270 2688 Tertult'nnut

161 2727 209 2763 vit.
224 2713 396 2762 adllomunot.
414 2711 536 2772 [Tamtu.
547 2725 603 2772 pag.
615 2712 684 2773 10³1.
743 2710 772 2757 de
787 2710 930 2758 Pudicitia:
946 2709 1060 2759 Libertus
1075 2711 1101 2758 in
1116 2710 1214 2760 Christo
1227 2725 1270 2757 noa

160 2982 203 3022 ne
215 2963 300 3021 could
311 2964 379 3038 only
389 2963 462 3019 hare
475 2979 511 3018 an
527 2962 645 3018 obscuro
659 2961 735 3034 bopo
749 2959 876 3017 founded
891 2976 929 3015 on
940 2958 991 3015 tho
1002 2958 1143 3032 goodness
1158 2961 1192 3017 of
1200 2959 1269 3025 (iod,

160 3068 203 3107 we
215 3069 278 3107 now
292 3051 364 3105 hare
378 3068 396 3105 ιι
409 3051 563 3114 Coronant,
578 3049 633 3103 and
650 3066 714 3120 may
729 3049 766 3104 be
779 3047 917 3120 gethered
932 3048 993 3103 into
1005 3062 1061 3102 one
1076 3046 1192 3104 Ohureh
1204 3047 1268 3102 reith

160 3137 210 3194 the
225 3137 411 3193 descendants
426 3137 459 3191 ol
470 3136 519 3192 the
535 3135 706 3200 Patriarchs,
724 3134 773 3190 tho
787 3135 854 3189 Lan
868 3134 955 3207 being
972 3134 1061 3190 taken
1075 3150 1164 3209 away,
1181 3133 1267 3190 which

126 3246 131 3295 ,ι
159 3242 215 3281 tros
230 3223 279 3282 thc
291 3224 503 3296 parthica-wall
519 3224 647 3278 between
660 3241 708 3288 us;
727 3222 800 3293 Epir.
815 3222 843 3275 ii.
859 3226 902 3274 14.

127 3338 131 3372 ι
216 3312 312 3367 XVII.
351 3318 365 3365 1
390 3311 474 3366 Since
490 3310 622 3366 theotho
638 3310 689 3365 law
705 3310 738 3364 of
749 3311 843 3364 hloses
865 3311 970 3362 cannot
984 3307 1094 3378 impose
1107 3324 1165 3382 any
1180 3307 1266 3364 direct

157 3399 313 3470 obligatior
325 3415 401 3469 upon
415 3415 456 3459 ns,
467 3397 508 3451 lot
520 3415 553 3452 us
565 3415 612 3452 sce
625 3399 651 3451 it
660 3399 682 3451 it
694 3414 746 3451 can
762 3397 798 3451 bc
810 3395 844 3450 of
852 3411 909 3466 any
920 3392 1003 3449 other
1017 3410 1068 3450 nse
1080 3395 1111 3449 iu
1125 3396 1265 3468 questions

157 3486 191 3541 ot'
201 3484 250 3540 tho
262 3485 364 3556 Rights
376 3485 409 3539 ol
418 3485 494 3546 War,
506 3485 561 3537 and
575 3484 624 3538 the
636 3484 702 3538 like.

215 3579 232 3626 2
263 3570 307 3640 (i)
330 3573 363 3626 In
379 3572 428 3626 tho
441 3572 501 3624 first
514 3571 603 3641 plaec,
619 3570 667 3623 tlre
679 3568 783 3623 detristi
796 3568 862 3621 Lair
877 3566 967 3622 shows
981 3565 1045 3623 that
1062 3567 1140 3625 what
1154 3570 1177 3624 is
1192 3586 1266 3625 com·

55 3687 59 3694 ν
156 3659 280 3714 manded
291 3659 328 3730 by
340 3657 402 3713 that
415 3659 467 3712 law
480 3659 502 3711 is
515 3664 565 3711 not
578 3664 708 3726 contrary
718 3662 748 3709 to
760 3654 880 3709 Natural
894 3654 969 3708 Low.
998 3653 1056 3708 For
1067 3655 1191 3711 Natural
1201 3656 1268 3710 Lair

156 3745 250 3817 being,
267 3763 297 3800 as
313 3763 354 3801 tre
372 3745 444 3799 haro
462 3745 521 3798 said
541 3742 579 3812 [x.
599 3740 626 3809 5]
640 3743 788 3814 perpetual
810 3741 866 3795 and
880 3739 1057 3804 immutablc,
1076 3741 1151 3807 (iod,
1164 3740 1225 3798 vrbo
1240 3742 1268 3795 is

156 3848 242 3886 never
263 3834 367 3902 nujust,
388 3832 472 3886 could
491 3840 542 3884 not
559 3830 709 3885 command
727 3828 864 3901 attaching
885 3829 995 3898 against
1013 3825 1077 3883 thot
1095 3828 1172 3885 Lair.
1202 3826 1270 3885 Ata

156 3919 218 3973 that
232 3918 280 3973 tho
289 3920 356 3972 Low
372 3921 395 3973 is
408 3917 497 3973 called
513 3916 595 3987 right,
611 3934 691 3987 puro,
706 3915 780 3988 hely,
788 3917 856 3986 just,
870 3915 927 3969 aad
938 3913 1022 3986 good.
1052 3912 1123 3985 [Sco
1135 3915 1185 3973 the
1198 3932 1271 3990 qno-

156 4004 281 4071 tationsl.

214 4092 282 4147 This
298 4092 320 4145 is
336 4098 399 4145 truc
412 4090 445 4144 os
457 4098 602 4162 precepta:
621 4088 689 4143 with
704 4088 805 4160 rogarii
821 4093 851 4142 to
867 4088 1056 4160 permissions,
1066 4107 1109 4147 tre
1123 4095 1199 4147 most
1209 4089 1270 4145 dir

155 4178 288 4251 tinguislr.
312 4179 493 4241 Perrnission,
508 4195 538 4232 as
550 4196 568 4231 a
579 4194 657 4233 mero
672 4177 737 4241 laet,
751 4172 825 4246 [that
836 4176 868 4238 is,
880 4176 918 4247 by
928 4175 1027 4249 saying
1038 4176 1204 4251 nothingms
1215 4175 1269 4232 tho

154 4265 206 4320 law
222 4267 290 4322 does
306 4267 475 4335 coneorning
490 4268 597 4320 actions
620 4266 779 4335 altogether
796 4257 978 4332 indiderent]
993 4264 1067 4319 need
1082 4271 1135 4320 not
1150 4266 1185 4320 bo
1198 4279 1265 4319 coa·

152 4353 273 4409 sidered.
313 4354 484 4408 Permissiou
498 4352 579 4423 legal,
595 4353 617 4407 is
630 4352 723 4408 either
734 4352 861 4425 plenary,
873 4348 963 4404 which
974 4350 1052 4421 gives
1064 4367 1083 4405 a
1093 4350 1171 4424 right
1181 4357 1210 4407 ιο
1223 4348 1264 4404 do

152 4455 171 4496 a
183 4439 264 4513 thing
275 4441 395 4514 entirely
405 4440 529 4514 laaluliy
536 4459 545 4507 ;
557 4456 590 4496 or
602 4439 656 4497 less
668 4440 730 4505 full,
740 4438 831 4495 arbiola
842 4436 908 4511 only
919 4436 997 4509 giret
1008 4437 1150 4513 impunity
1161 4443 1264 4504 among
