2752 4844
259 197 302 260 50
448 204 506 263 AN
525 205 702 262 annuant:
724 203 896 270 t'a'otxatt
916 203 1073 260 JUSTUM
1094 203 1165 260 Sl'l'.
1256 200 1335 272 [Lan.
1346 202 1370 257 1.

334 377 357 442 2
392 374 557 454 Quomodo
574 375 678 440 vero?
728 373 812 440 Alibi
833 373 865 438 id
885 373 1024 461 explieat
1040 374 1132 439 Rom.
1148 370 1213 437 xiii.
1230 373 1278 438 4:
1301 373 1370 438 Dei

259 479 409 544 minister
433 489 479 542 est
507 489 563 541 tuo
593 477 696 542 bono:
720 477 810 559 quod
838 476 871 540 si
892 477 1019 560 seceris
1045 475 1133 562 qnod
1162 472 1287 537 natum
1312 482 1368 548 eet,

260 590 390 650 metuet
416 599 480 643 nen
495 579 580 642 enim
587 578 727 660 frustra
740 578 893 661 pientiam
908 578 1019 660 perit.-
1040 596 1121 640 nam
1135 574 1204 639 Dei
1218 573 1369 638 minister

260 691 317 757 eet,
331 679 449 744 cindee
470 679 627 742 adirem
651 680 684 742 ei
703 679 763 761 qni
782 679 869 760 qnod
890 677 1016 741 mainan
1035 688 1083 742 est
1099 675 1232 760 fecerit.
1267 672 1368 739 ³‚iuro

260 777 358 868 gladii
383 799 442 864 per
466 775 709 864 complexionem
734 776 834 842 omnis
859 776 984 864 quidem
1001 775 1147 841 coercitio
1168 771 1365 864 intelligitur,

260 877 417 966 quomodo
431 876 525 942 etiam
543 874 628 962 opud
649 878 673 942 J
675 876 894 942 uriscousultos
914 876 1093 967 interdum;
1117 874 1175 941 sed
1190 875 1237 941 ita
1253 884 1365 952 umen,

260 988 298 1044 ut
311 999 387 1064 pars
400 976 468 1064 ejus
486 998 616 1052 summa,
641 976 676 1042 id
695 987 744 1045 est
761 1000 856 1042 roras
872 976 970 1066 gladii
986 999 1069 1053 usus,
1093 997 1157 1042 nou
1173 975 1365 1042 excludatur.

261 1076 345 1143 Huic
375 1076 444 1142 loeo
472 1075 657 1143 illustrando
686 1099 749 1144 nou
776 1100 887 1166 parum
915 1077 1014 1144 serait
1038 1075 1182 1142 Psalmus
1204 1075 1364 1151 secundus,

173 1197 176 1201 ·
261 1178 316 1266 qui
329 1198 508 1266 quanquam
522 1177 556 1243 in
572 1178 696 1244 Dam‘de
711 1201 801 1244 suam
817 1177 927 1245 habuit
941 1177 1116 1256 ιιιίιιιιιιι,
1130 1175 1253 1264 plenius
1264 1186 1366 1243 tamen

94 1802 166 1840 corn.
176 1801 231 1839 tres.

95 1849 168 1887 cm
177 1847 207 1886 ut
216 1849 238 1887 st

94 2191 128 2230 Ad
137 2190 207 2238 Bentfi

93 2237 159 2285 Epist.
166 2240 226 2276 itm

94 2284 204 2323 laam
234 2312 240 2322 .

261 1287 295 1345 et
318 1279 487 1367 perfectius
510 1278 552 1344 ed
577 1279 736 1346 Christum
757 1279 917 1367 pertinet:
941 1288 979 1344 ut
999 1276 1120 1343 discere
1136 1284 1186 1343 eet
1202 1278 1312 1344 Actor.
1324 1275 1364 1343 ir.

262 1382 327 1457 253
353 1379 417 1446 xiii.
435 1381 504 1457 33-;
528 1379 630 1445 Hebr.
648 1402 678 1446 r.
697 1383 729 1447 5.
771 1380 804 1444 Is
834 1387 941 1444 autem
969 1375 1113 1443 Psalmus
1137 1397 1232 1465 reges
1263 1396 1367 1442 omues

261 1480 419 1557 hortatur,
438 1489 476 1545 ιιι
492 1478 555 1545 Dei
570 1479 667 1545 tilium
684 1478 899 1546 venerabundi
915 1476 1104 1564 suscipiant:
1127 1475 1190 1542 hoc
1207 1484 1267 1552 est,
1284 1485 1321 1543 ιιι
1334 1495 1367 1541 se

261 1578 420 1645 ministros
442 1578 474 1645 ei
498 1579 677 1657 exhibeant,
705 1603 769 1668 qua
791 1590 979 1668 rogassent
1005 1576 1131 1654 sedicet
1153 1583 1191 1643 ut
1215 1585 1303 1642 recte
1316 1597 1369 1642 ox·

260 1679 358 1768 plicat
373 1679 577 1770 Augustinus,
603 1680 691 1767 eujus
706 1683 805 1746 rerba
827 1679 870 1745 ad
890 1680 972 1745 hauc
985 1699 1054 1744 rem
1067 1676 1260 1766 pertinentia
1275 1697 1369 1766 appo·

262 1803 355 1846 namt
390 1783 433 1848 In
457 1783 518 1848 ltoc
550 1804 648 1868 repes,
673 1785 759 1848 aieret
792 1784 840 1847 eia
867 1782 1031 1846 diuinitus
1062 1779 1275 1866 precipitur,
1299 1779 1370 1844 Dee

240 1874 416 1959 'meiana
433 1884 647 1967 inquantum
666 1904 756 1968 repes
779 1893 867 1959 snat,
891 1884 924 1947 si
944 1883 981 1946 in
998 1902 1096 1966 repne
1111 1901 1170 1945 ene
1185 1877 1369 1964 benefida

260 1995 330 2060 unt,
347 1984 441 2049 mela
451 1983 658 2070 prohibeant,
676 2005 739 2046 non
751 1984 856 2047 solnm
868 2003 941 2065 qun
951 1983 1115 2067 pertineret
1128 1981 1176 2043 ad
1190 1979 1370 2044 humanam

260 2085 456 2162 societatem,
474 2105 584 2150 rernm
602 2086 704 2149 etium
720 2105 792 2166 quer
802 2085 970 2169 pertinent
994 2082 1043 2146 ad
1063 2082 1217 2146 divinant
1242 2080 1370 2165 relipio-

260 2207 342 2252 nem.
394 2182 443 2250 Et
465 2182 556 2250 olibis
587 2184 753 2265 Quomodo
778 2204 853 2268 erpo
875 2205 964 2268 reyes
987 2183 1130 2248 Domitio
1158 2180 1308 2246 terrim
1336 2179 1370 2245 in

261 2287 387 2360 timore,
411 2286 479 2352 nisi
502 2307 552 2359 ee,
578 2306 651 2370 qun
677 2284 907 2368 contrajacen
931 2283 1072 2348 Domini
1086 2283 1183 2366 finnt,
1215 2281 1370 2367 sclipioen

260 2386 433 2452 mneritate
442 2385 647 2473 prohibendo
668 2396 767 2468 etque
784 2383 981 2470 plectendo?
1030 2383 1137 2448 Aliter
1162 2383 1251 2447 enim
1273 2381 1370 2449 servit

258 2487 521 2570 qnahomeest,
544 2484 735 2572 aliterque
761 2507 820 2550 rac
841 2497 896 2550 est.
937 2483 1037 2548 Mox:
1064 2485 1107 2548 In
1125 2483 1185 2548 ltoe
1207 2504 1285 2569 erqo
1307 2502 1370 2548 ser·

258 2588 353 2651 mant
370 2586 514 2652 Domino
530 2607 629 2669 repes,
647 2589 684 2651 in
701 2597 862 2670 paninum
878 2596 954 2648 stent
971 2605 1071 2668 repes,
1088 2604 1162 2649 eum
1183 2605 1225 2649 ea
1232 2583 1370 2669 sedunt

259 2687 308 2751 cd
322 2686 531 2753 sariendam
547 2684 613 2760 iili,
638 2706 792 2770 qucrnea
803 2685 1068 2771 possuntsaeere
1087 2685 1157 2748 nisi
1172 2705 1272 2769 repet.

304 2854 317 2885 ⁸
329 2855 510 2915 Διςιιιιιιιιιιιιιι
520 2851 595 2908 istud,
606 2857 634 2900 ut
645 2859 671 2900 et
681 2853 752 2914 plura
762 2867 791 2900 ex
842 2857 932 2914 potent,
942 2867 1022 2915 nequo
1036 2854 1127 2902 bellum
1140 2865 1214 2901 omne
1230 2853 1370 2905 Chriathait

259 2929 426 2993 equentibus,
441 2929 643 2991 persuequidern
660 2934 686 2975 et
700 2929 791 2975 directo
842 2930 945 2976 retitum
965 2943 1027 2978 esse.
1058 2931 1114 2978 iiuc
1128 2929 1190 2978 nen
1208 2944 1260 2980 uon
1279 2937 1370 2981 mutum

260 3021 291 3054 eo
310 3010 406 3053 tautum
427 3007 539 3066 pertinet,
558 3010 586 3049 ιιι
604 3004 716 3064 capitalia
732 3018 791 3064 sup·
842 3004 904 3050 ratio
914 3004 945 3050 ab
955 3007 1065 3052 Auctore
1074 3005 1156 3052 adiuta
1168 3020 1238 3056 uum.
1254 3010 1293 3066 13,
1307 3008 1370 3056 isu'ru

260 3081 333 3142 plicia
342 3079 374 3126 ab
384 3078 516 3140 Evangelio
532 3091 581 3126 uon
594 3078 647 3123 tolli
661 3079 791 3138 probetur:
842 3081 996 3142 paragraphi,
1007 3081 1050 3128 ced
1065 3083 1138 3130 οιίιιιι
1154 3084 1222 3144 quod
1237 3098 1296 3132 mm
1310 3086 1370 3147 apt.

260 3168 344 3203 rerum
360 3167 405 3216 per
422 3153 619 3217 consequentiam
635 3154 691 3200 hino
705 3153 792 3200 deduci
842 3154 927 3200 mium
937 3156 1110 3217 suppliciorum
1120 3171 1170 3204 nou
1178 3159 1261 3207 minua
1267 3161 1370 3211 ridentia

315 3379 334 3428 2
355 3373 413 3428 But
423 3372 486 3429 how
498 3376 535 3431 do
544 3375 626 3446 kings
635 3390 734 3430 securo
743 3390 830 3447 peace
842 3374 899 3428 and
911 3375 1088 3448 tranquillity
1099 3382 1131 3431 to
1142 3373 1222 3430 their
1234 3376 1370 3448 subjecto?

260 3461 330 3516 Thin
348 3459 385 3515 he
405 3461 527 3526 teuchos,
548 3463 633 3516 Rom.
654 3461 710 3516 xiii.
733 3467 760 3524 4,
784 3461 829 3515 IIc
844 3462 867 3515 is
881 3463 922 3515 tie
936 3463 1058 3518 minister
1075 3464 1111 3537 of
1127 3461 1192 3517 0001
1210 3471 1238 3518 te
1257 3465 1314 3520 thoe
1322 3467 1370 3536 jor

259 3548 336 3620 qood,
346 3550 392 3613 tar.
429 3547 482 3602 The
501 3549 592 3604 anoni
604 3548 716 3618 implies
731 3546 770 3601 ali
788 3547 958 3620 controliing
974 3565 1078 3622 power,
1092 3565 1123 3604 aa
1140 3547 1201 3603 also
1213 3551 1370 3606 sometime

260 3650 365 3706 among
381 3632 431 3688 tho
445 3635 549 3691 Jurists
557 3655 566 3700 3
584 3634 637 3690 but
650 3633 719 3698 still,
733 3636 762 3688 in
778 3633 848 3688 such
863 3652 880 3688 a
899 3651 1018 3691 mmraer
1032 3635 1096 3691 that
1111 3634 1163 3690 the
1177 3633 1294 3708 highest
1307 3635 1370 3692 kind

260 3722 294 3776 os
308 3720 372 3776 that
386 3736 489 3792 power,
504 3721 553 3777 the
571 3720 665 3776 actual
680 3737 730 3775 nso
745 3719 779 3775 οι·
795 3719 844 3775 tho
862 3721 962 3786 swerd,
987 3717 1062 3792 [that
1080 3723 1113 3785 is,
1131 3721 1239 3793 capital
1259 3723 1370 3795 punish·

260 3814 340 3862 mont
355 3807 412 3862 aad
425 3802 501 3876 wan]
517 3809 539 3861 is
552 3815 603 3862 ιιοι
618 3806 765 3861 exeludod.
797 3807 866 3862 This
881 3806 962 3878 placo
975 3810 997 3863 is
1010 3808 1169 3864 illustrated
1178 3808 1217 3880 by
1226 3809 1325 3865 Psalm
1338 3810 1370 3875 ii,

259 3893 351 3947 which
365 3892 474 3964 though
490 3894 606 3948 veritiod
620 3894 648 3946 in
663 3893 756 3948 Darid
769 3892 820 3948 has
835 3912 852 3948 a
865 3893 950 3949 iullor
962 3894 1216 3968 accomplishment
1228 3897 1259 3950 in
1272 3896 1370 3951 Christ

260 3981 328 4052 [See
340 3978 389 4033 the
400 3996 530 4051 passages
542 3981 571 4034 iu
583 3982 651 4035 Acts
663 3982 719 4036 aad
729 3976 884 4049 Hebron-a]
919 3981 994 4038 That
1003 3983 1098 4038 Psalm
1110 3980 1225 4037 exhorta
1234 3981 1285 4038 tho
1297 3984 1370 4055 ltingt

261 4069 295 4125 ot
303 4065 352 4121 the
367 4066 447 4120 carth
463 4072 492 4120 to
508 4067 559 4120 iios
574 4070 615 4122 tie
627 4068 684 4122 Son
696 4070 742 4124 test
757 4070 787 4124 te
802 4071 830 4124 be
842 4086 948 4140 arrpry:
970 4068 1034 4124 that
1049 4071 1081 4135 is,
1095 4075 1126 4124 to
1141 4069 1178 4124 do
1196 4068 1258 4124 him
1272 4070 1370 4125 service

261 4158 290 4210 in
306 4153 381 4209 their
392 4154 520 4225 capacity
532 4154 565 4208 of
576 4155 667 4226 kings.
700 4153 769 4224 [See
783 4156 833 4212 tho
844 4171 975 4229 passages
990 4156 1096 4226 quoted
1108 4156 1184 4210 from
1196 4151 1370 4225 Augmtiue.]

321 4246 337 4296 3
357 4238 401 4308 (2)
416 4241 477 4295 Tho
492 4242 595 4296 second
610 4259 727 4315 passage
748 4245 780 4308 is,
798 4244 861 4299 that
876 4243 992 4315 already
1007 4242 1101 4314 partly
1117 4240 1202 4304 cited,
1216 4242 1301 4296 Rom.
1317 4242 1369 4295 xiii.

265 4328 383 4384 ihereio
401 4329 594 4401 reponerent
613 4333 648 4404 of
659 4331 729 4386 God.
766 4333 819 4387 The
826 4349 932 4404 powers
943 4333 1001 4386 thot
1014 4331 1043 4385 he
1056 4347 1105 4384 ere
1116 4329 1249 4384 ordnined
1262 4326 1369 4398 osGod,

261 4421 327 4482 &aa
345 4415 460 4472 whence
472 4416 521 4471 tho
536 4418 645 4490 apostlo
665 4418 753 4474 intem
768 4419 831 4474 that
850 4436 892 4476 we
909 4435 959 4475 ure
981 4425 1011 4475 to
1033 4417 1108 4489 oboy
1122 4415 1180 4472 aad
1194 4415 1306 4473 honour
1324 4412 1368 4469 tho
