2774 4854
203 223 248 288 aa
500 231 598 300 euru
621 228 791 296 ιιιιοιι,
815 226 913 294 euru
935 226 1015 285 rus.
1202 174 1333 298 [ursax

204 408 309 472 hinist
328 398 374 490 pii
391 420 432 467 ex
450 397 619 467 Gentibus:
636 407 673 466 ut
684 392 801 484 legitur
815 396 925 465 ‘titulo
938 391 1144 462 Thalmudico
1156 389 1197 456 de
1213 389 1319 479 Rege.

205 504 292 571 Talis
307 500 363 591 qui
379 510 437 578 est,
455 500 488 566 in
502 500 573 589 lege
590 499 705 566 dieitur
721 508 840 580 'inm
857 498 957 565 Lerit
974 494 1048 562 xxii.
1066 496 1122 572 25,
1144 501 1255 562 Ξιιιιιι
1272 501 1319 561 'tr

206 603 309 672 Leria
324 625 397 670 xxr.
414 604 469 678 47,
494 600 550 668 ubi
574 599 743 670 Chaldaeus
768 603 853 670 dixit
876 592 1031 665 lincolam
1056 593 1319 664 incircumcisum.

208 704 266 786 Hi,
292 713 329 773 ut
354 710 487 769 narrant
513 700 573 787 ipsi
599 700 811 769 Hebraeorum
835 697 987 790 magistri,
1013 697 1100 786 leges
1126 695 1256 765 Adamo
1283 706 1321 765 et

206 805 289 874 aaa
309 804 402 872 (ιιιιι
427 822 557 868 serrare
583 802 783 882 tenebantur,
810 802 969 870 abstinere
997 798 1039 866 ab
1070 796 1162 865 idolis
1186 806 1222 866 et
1244 819 1319 864 san-

207 904 315 995 guine,
338 911 373 971 et
386 901 456 969 abis
471 922 543 988 quoe
560 899 643 968 inira
660 925 716 969 suo
733 904 801 971 leco
818 900 1084 979 memorabuntur,
1109 908 1145 967 ιιι
1159 921 1224 966 uon
1239 899 1320 966 item

206 1004 294 1096 leges
308 1001 454 1094 proprias
470 1000 693 1070 lsraelitarum.
737 1005 852 1093 Itaque
871 1023 941 1069 cum
958 997 1109 1067 Israelitis
1124 1022 1188 1067 non
1205 999 1319 1068 liceret

207 1104 292 1173 vesci
317 1124 412 1170 carne
428 1100 538 1167 bestiae
561 1124 632 1190 quae
652 1105 719 1171 fate
746 1128 802 1172 suo
828 1103 981 1193 periisset,
1004 1100 1182 1190 peregrinis
1208 1109 1318 1168 tamen

207 1204 291 1272 inter
304 1203 390 1292 ipsos
406 1201 584 1269 viventibus
607 1202 640 1270 id
657 1204 782 1284 licebat,
805 1201 1016 1272 neucesarie.
1032 1200 1086 1267 21.
1139 1199 1210 1267 Nisi
1231 1201 1318 1290 quod

207 1304 393 1394 quibusdam
409 1301 531 1392 legibus
547 1303 724 1392 specialiter
740 1327 922 1394 expressum
939 1309 998 1384 est,
1014 1309 1053 1369 ut
1066 1300 1181 1368 incolae
1197 1300 1237 1370 iis
1252 1323 1318 1369 non

206 1406 310 1473 minus
326 1426 421 1493 quarn
437 1403 597 1493 indigenas
614 1406 809 1473 teneanturl.

279 1507 302 1570 4
336 1502 505 1570 Extraneis
521 1505 626 1583 etiam,
652 1506 707 1594 qui
730 1505 857 1573 aliunde
881 1501 1077 1580 advenirent,
1103 1523 1208 1590 neque
1229 1500 1317 1569 iusti·

206 1604 286 1673 tutis
323 1603 490 1671 Hebraicis
524 1605 761 1693 subjicerentur,
798 1607 831 1673 in
868 1602 985 1692 templo
1020 1601 1316 1693 Hierosolymitano

205 1704 294 1774 licuit
310 1704 416 1773 Deum
432 1701 577 1783 adorare,
604 1707 792 1774 strictimne
806 1707 930 1785 offerre,
955 1702 1130 1772 ‘euntibus
1153 1712 1264 1771 tamen
1278 1702 1312 1768 in

207 1806 275 1873 loco
292 1804 443 1896 peculiari
455 1826 493 1872 ac
507 1816 691 1894 separatoa
712 1808 846 1874 statione
869 1805 1093 1886 Israelitarum,
1120 1807 1138 1870 l
1158 1805 1244 1894 Reg.
1263 1800 1315 1891 qui

207 1906 330 1975 Latinis
353 1906 476 1996 alteg.
494 1905 556 1972 viii
577 1909 634 1987 41,
659 1909 680 1974 2
699 1907 803 1975 Maec
820 1906 863 1975 iii.
878 1909 934 1986 35,
959 1904 1075 1974 Johan
1093 1904 1151 1973 xii.
1176 1906 1233 1990 20,
1257 1907 1315 1971 Ac

211 2147 213 2150 ,
250 2110 262 2138 ⁸
280 2103 360 2151 Titurio
374 2099 737 2164 ssnlsrudicodeliepdsstti·
785 2101 902 2151 disserit!
921 2101 993 2150 cleiis
1001 2100 1110 2163 putere
1122 2098 1218 2148 mrim
1229 2098 1314 2147 odra·

206 2176 259 2226 tulo
271 2177 302 2225 de
312 2177 437 2239 Spuedrio,
449 2191 502 2237 cap.
513 2180 550 2224 11.
786 2184 834 2226 ιιιιιι
846 2179 941 2239 suere:
966 2177 1068 2224 ιιοιιᾰιιιι
1088 2176 1151 2223 enisu
1169 2175 1205 2224 nd
1226 2173 1314 2223 erute

250 2249 386 2298 ‘laeetana
409 2247 608 2310 incircumcisum]
631 2249 671 2297 Ds
693 2247 737 2296 rsit
785 2259 892 2316 tempora
908 2254 1028 2316 perducta
1047 2257 1081 2300 ιιι
1095 2253 1184 2300 oratio.
1209 2250 1315 2299 Deinde:

205 2325 288 2386 flgitur
302 2325 422 2373 οιΒτθιῙί
437 2325 477 2372 xii·
489 2326 527 2373 45·
556 2326 640 2386 Aquo
650 2325 737 2372 (listin-
780 2329 913 2386 Ἕλληνος
931 2330 956 2376 di
977 2326 1086 2377 inesset
1106 2333 1196 2388 φησιν,
1211 2329 1241 2374 οὗ
1259 2325 1315 2373 reis

204 2401 289 2462 guttur
299 2402 441 2462 proselytus,
451 2401 476 2447 ld
486 2407 524 2448 est
533 2402 687 2448 circumcisus
694 2401 738 2448 ad·
786 2405 1042 2464 ιιδωλολοτμοῦντοι,
1062 2402 1132 2451 ἄλλο’
1153 2404 1213 2450 τοὺς
1235 2401 1314 2449 broer-

205 2488 274 2534 vsna,
289 2481 318 2523 ut
331 2477 438 2523 ostendit
452 2477 550 2524 collatio
562 2477 610 2524 loci
619 2476 692 2525 Num.
704 2477 737 2527 ix.
784 2481 902 2540 βοῡντιιι,
916 2480 976 2526 τοὺς
989 2480 1029 2540 τῷ
1043 2478 1145 2539 φυσικῷ
1159 2476 1316 2537 πειθομένους

206 2554 245 2600 lt
274 2551 314 2600 Do
333 2553 379 2612 piis
397 2553 445 2600 illis
466 2552 639 2601 incircumcisis
660 2553 738 2601 multe
786 2554 868 2616 λόγῳ,
886 2555 946 2602 τοὺς
961 2553 1032 2608 tiliis
1046 2551 1254 2600 τῦνἸονόοἳιιῶν
1267 2569 1315 2598 πο·

205 2627 447 2678 habetbfflmonidcs
461 2630 524 2677 libro
538 2630 568 2677 de
582 2630 737 2688 Idololatria,
785 2626 1045 2690 ροτηριίοιιοντάντο
1060 2627 1096 2675 τιὶ
1110 2634 1176 2689 τρὸι
1190 2626 1316 2686 obsideres

206 2717 228 2751 c.
248 2719 273 2752 x.
293 2703 308 2766 5
326 2705 349 2754 b.
376 2707 445 2754 Idem
465 2707 490 2752 ln
513 2707 686 2753 commentario
706 2707 737 2754 ad
786 2704 959 2753 συντελοῦντα
982 2702 1173 2759 dempsimus.
1230 2702 1315 2748 Exem-

205 2776 349 2839 Mr'rnqietlr,
365 2787 390 2828 et
409 2782 467 2828 alibi
483 2795 555 2842 saepe,
570 2782 623 2841 pios
639 2782 693 2828 illos
708 2796 738 2829 ex
785 2781 924 2842 plsquedat
933 2780 958 2826 ln
969 2778 1155 2836 Melchisedsco,
1165 2777 1240 2834 Jobo,
1249 2776 1316 2825 illnl-

205 2856 321 2914 gentibus
330 2857 460 2918 participes
470 2856 504 2903 ait
514 2857 609 2903 futuros
619 2856 737 2903 bonerum
785 2857 849 2914 ritis,
861 2855 983 2908 Cornelio,
993 2869 1065 2902 mox:
1076 2853 1190 2910 Ἔλλιὶνο
1200 2854 1227 2901 δι
1237 2852 1316 2900 πάλιν

205 2930 282 2978 lutura·
292 2932 381 2980 mcull.
407 2931 633 2993 Clrrpsertourusad
648 2932 738 2978 Roma·
786 2928 1148 2991 οιτόνιιδιολολὲτρην.ιι’λλο“
1156 2927 1317 2986 τιιθιοοιβιῑ

207 3017 252 3051 nos
275 3020 328 3067 cap.
344 3010 373 3054 2:
403 3012 479 3054 τοῖον
493 3007 615 3053 Ἰουδαῖον
629 3007 738 3055 ἐνταῦθα’
787 3011 828 3055 και
839 3007 958 3067 ι’νᾰριτον
968 3004 1009 3052 sel
1022 3006 1076 3052 τοῖν
1086 3006 1192 3065 νομικοῖν
1201 3021 1317 3063 repur-

207 3081 322 3139 perarari
335 3083 395 3142 τορῖ
410 3084 491 3130 τοίων
506 3081 639 3136 Ἑλλήνων
653 3084 738 3131 duali·
786 3085 883 3145 ριὶσιιον
899 3080 1101 3142 ἀπηλλαγμένον
1117 3081 1195 3142 pret·
1224 3080 1317 3129 Grecos

207 3170 285 3215 γοτοι
297 3173 304 3215 ;
317 3160 369 3202 τῶν
379 3159 431 3217 τρὸ
444 3159 490 3211 τῆς
503 3158 551 3203 τοῦ
563 3159 677 3216 Χριστοῦ
687 3177 739 3205 τοι
786 3161 826 3207 bic
840 3161 906 3216 dicit,
920 3174 965 3205 nvn
977 3157 1095 3204 idolorum
1111 3158 1222 3213 atim,
1239 3157 1281 3205 sed
1293 3157 1317 3203 in

206 3231 317 3290 ρουσιιιι.
335 3233 405 3278 οὕτω
420 3231 472 3292 γάρ
488 3234 523 3278 sis
536 3234 595 3280 rebe
606 3235 653 3287 τῆς
664 3234 737 3295 χιίρι·
787 3236 866 3284 Deum
872 3237 937 3296 pios,
948 3233 1057 3281 saerata·
1066 3233 1316 3295 recenseremus,

207 3322 270 3351 στος
277 3305 375 3366 ἔφθασε
384 3306 606 3368 χρόνουιὸλόγοι·
617 3323 683 3369 quem
690 3310 739 3357 λιι·
787 3315 921 3376 quiprrrter
926 3310 1034 3358 Iudaica
1044 3309 1162 3366 instituto,
1172 3321 1260 3358 cancta
1268 3325 1315 3372 qu

207 3380 282 3427 daura
301 3381 341 3427 die
357 3381 456 3440 indicet,
469 3386 492 3430 et
504 3383 533 3429 tle
548 3384 634 3444 quibus
648 3385 740 3433 Grecis
787 3381 1190 3447 adprerarmsaoemrrermseas
1206 3381 1316 3433 Biora.

207 3629 257 3687 the
273 3630 329 3687 Old
342 3633 507 3687 Testaurent
522 3630 582 3701 [sce
597 3632 646 3689 the
661 3631 843 3703 references]
862 3636 962 3704 These,
976 3654 1008 3694 as
1023 3637 1072 3694 the
1083 3637 1189 3696 Jevuh
1204 3639 1315 3698 doctore

207 3717 299 3784 tencb,
318 3737 392 3775 nere
406 3719 503 3775 bound
518 3728 548 3774 ιο
564 3720 636 3792 obuy
652 3720 700 3775 the
717 3721 782 3776 laus
800 3723 883 3792 giren
898 3730 928 3780 ιο
944 3725 1035 3780 Adam
1054 3725 1112 3781 and
1130 3731 1161 3783 to
1175 3727 1271 3795 Noah,
1286 3735 1315 3784 to

207 3805 318 3860 abstaiu
334 3806 409 3862 from
424 3807 495 3863 ideis
510 3808 565 3862 and
583 3807 655 3861 from
672 3807 765 3874 blood,
780 3809 836 3863 arrd
852 3827 930 3866 semo
945 3811 1027 3868 other
1041 3819 1178 3880 mattersr
1200 3813 1254 3871 but
1267 3821 1315 3871 not

208 3898 238 3947 to
254 3893 370 3947 obscure
386 3893 434 3948 tho
450 3894 577 3965 peculiar
591 3893 696 3948 Jeuislr
712 3895 793 3950 latre:
810 3905 911 3969 except
926 3898 989 3954 that
1003 3916 1081 3954 some
1095 3899 1163 3956 lans
1175 3902 1315 3975 expresslp

208 3977 298 4032 direct
312 3978 376 4033 tlrat
391 3991 441 4032 noc
456 3980 521 4051 only
534 3979 583 4034 tlrc
598 3980 667 4045 Jerv,
688 3981 741 4037 but
756 3983 804 4038 tho
819 3992 948 4056 stranger
959 3985 1056 4041 within
1071 3985 1115 4042 his
1136 3994 1203 4060 gete
1217 3988 1314 4046 should

207 4063 244 4120 bc
259 4063 355 4119 bouud
370 4064 409 4136 by
421 4065 513 4120 tlrenr:
530 4063 573 4135 [as
586 4066 635 4122 tho
648 4068 700 4122 law
718 4069 751 4124 of
761 4069 810 4125 the
822 4071 967 4127 Sabbatha
983 4072 1073 4129 Exod.
1087 4091 1132 4129 xx.
1149 4072 1204 4144 10].

266 4157 283 4206 4
313 4152 341 4207 It
356 4168 410 4206 was
429 4152 488 4206 also
504 4155 655 4224 permitted
673 4163 702 4211 ιο
721 4164 863 4229 strangers
882 4165 912 4213 ιο
927 4159 1047 4232 worship
1065 4161 1122 4216 and
1141 4169 1172 4218 ιο
1192 4161 1314 4219 sacrifico

207 4238 238 4292 ln
261 4237 310 4294 the
333 4238 455 4310 temple;
478 4239 529 4295 but
550 4243 682 4316 standing
696 4245 726 4298 in
744 4262 762 4301 a
779 4245 904 4318 peculias
925 4247 1015 4319 place,
1029 4256 1161 4320 separato
1174 4248 1252 4306 from
1267 4247 1313 4305 the

207 4325 289 4399 placo
304 4327 337 4382 οι
348 4324 397 4381 the
413 4325 563 4384 Israelites.

267 4411 329 4471 Tho
349 4411 485 4486 propheta
500 4415 635 4493 speaking
647 4423 678 4475 ιο
691 4425 849 4492 strangam
865 4419 962 4476 Elisha
976 4424 1006 4476 to
1019 4419 1162 4488 Naaman,
1174 4420 1270 4480 Jonsh
1285 4425 1312 4477 ιο
