2752 4844
52 232 130 289 cnr.
142 229 213 302 m]
328 233 459 293 suntin
480 237 604 298 ntur-5
664 241 905 304 sxrucmo.
1115 240 1179 308 lit

54 437 282 497 successorem,
308 416 363 506 qui
379 420 488 488 eodem
502 422 576 511 jure
593 419 704 496 utitur,
729 439 767 484 ue
782 414 914 506 proinde
931 415 1063 484 eandem
1080 415 1179 484 hebet

55 527 262 604 potestatem,
280 541 344 586 non
361 520 462 586 eliam.
518 522 598 588 Hae
615 542 693 611 ergo
710 540 831 585 summu
847 527 987 606 potestas
1003 516 1089 605 qued
1105 517 1179 585 sub·

50 617 176 705 jectum
191 618 318 697 hubent,
335 619 505 690 rideamus
540 622 721 711 Subjectum
738 618 823 685 eliud
838 627 887 685 est
902 639 1074 698 commune,
1091 615 1179 684 uliud

55 718 242 807 proprium:
270 728 307 786 ut
324 719 407 787 risus
423 721 596 810 subjeetum
614 743 777 790 commune
793 726 842 786 est
865 739 988 805 eorpus,
1015 715 1177 804 proprium

57 818 190 886 oculus:
215 818 262 886 its
283 841 413 886 summu
431 823 596 910 potestatis
618 822 790 911 subjectum
811 839 972 886 commune
989 825 1039 884 est
1054 814 1175 896 civiles,

57 941 156 1006 quum
173 917 347 1008 perfeetum
366 931 482 989 coetum
500 946 567 991 esse
584 929 680 1012 supru
696 922 840 990 diximus.

133 1021 155 1085 2
188 1018 392 1088 Excludimus
417 1044 495 1112 ergo
519 1025 660 1113 populos,
675 1023 730 1112 qui
752 1023 784 1089 in
798 1017 929 1087 ulterius
950 1017 1059 1107 populi
1082 1016 1178 1087 ditio-

58 1143 135 1188 nem
165 1130 395 1205 concesserunt,
424 1123 533 1210 quales
562 1132 655 1192 erent
681 1121 851 1212 prosincioe
880 1120 1116 1188 Romanorum:
1142 1119 1177 1187 hi

58 1221 145 1288 enim
161 1220 270 1310 populi
286 1244 350 1288 non
373 1245 431 1311 per
448 1244 483 1290 se
505 1224 615 1292 civitas
632 1234 715 1301 sunt,
737 1232 774 1290 ut
791 1241 873 1288 nunc
892 1219 1018 1308 quidem
1035 1241 1106 1286 eum
1122 1242 1177 1289 ro-

58 1344 131 1388 cem
153 1321 313 1399 sumimus,
334 1322 390 1390 sed
408 1324 549 1392 membro
565 1325 667 1392 minus
683 1324 781 1413 dignu
797 1343 921 1411 magere
937 1319 1083 1397 ciuitatis,
1100 1341 1177 1408 quo-

58 1421 156 1489 medo
174 1423 257 1490 serri
273 1423 414 1490 membru
429 1433 503 1492 sunt
518 1424 652 1492 familie.
692 1427 830 1490 Rursum
846 1419 970 1497 eccidit,
988 1429 1024 1486 ut
1039 1418 1177 1508 plurium

58 1522 249 1612 populorum
268 1522 351 1590 idem
367 1524 410 1592 sit
426 1535 530 1613 ceput,
554 1525 609 1613 qui
625 1535 730 1593 tamen
745 1521 853 1613 populi
868 1520 982 1611 singuli
1002 1519 1176 1609 perfectum

58 1634 176 1690 eoetum
191 1623 405 1692 constituunt:
421 1647 524 1714 neque
539 1626 621 1692 enim
639 1636 676 1693 ut
693 1625 725 1691 in
743 1622 876 1690 naturali
893 1642 1024 1709 corpore
1040 1642 1104 1687 non
1120 1642 1177 1711 po-

58 1735 126 1791 test
141 1733 237 1813 ceput
259 1746 355 1791 unum
372 1746 441 1792 esse
457 1725 594 1814 plurium
609 1748 785 1816 corporum,
806 1724 852 1790 ite
876 1723 909 1789 in
923 1719 1034 1787 meruli
1051 1740 1177 1810 quoque

58 1847 215 1913 corpore;
239 1846 311 1890 nem
336 1823 379 1891 ibi
402 1825 511 1892 eudem
530 1848 664 1915 persone
687 1826 814 1892 diverse
834 1821 956 1890 ratione
978 1819 1177 1888 considerate
1191 1855 1339 1899 mm,

60 1935 161 2014 supet
177 1933 282 2013 potest
304 1947 372 1991 csse
395 1925 532 2015 plurium
549 1948 587 1993 ee
604 1925 820 1993 distinctorum
837 1944 1014 2011 corporum.
1060 1920 1177 2010 ‘Cujus
1189 1904 1298 1950 ω’·

59 2025 108 2092 rei
126 2036 247 2092 certum
260 2024 405 2092 indicium
421 2048 490 2092 esse
506 2034 620 2114 potest,
636 2025 721 2113 quod
734 2024 873 2092 extinctu
891 2024 982 2090 domo
997 2023 1177 2112 regnstriee

59 2125 229 2214 imperium
247 2125 290 2192 ud
306 2147 462 2214 quemque
478 2125 627 2214 populum
643 2124 773 2192 seorsim
790 2122 971 2190 revertitur.
1011 2123 1064 2190 sie
1081 2122 1178 2190 etiem

58 2226 206 2293 recidere
223 2235 335 2314 potest,
360 2237 396 2292 ut
410 2226 516 2314 plures
541 2225 686 2293 cisiietos
700 2223 873 2292 arctissimo
899 2223 982 2290 inter
998 2243 1034 2289 se
1057 2222 1178 2291 foedere

58 2327 260 2416 colligentur,
275 2328 325 2393 ‘ot
339 2327 457 2392 socient
474 2322 631 2409 σύστημα
647 2325 814 2413 quoddam,
831 2333 866 2391 ut
883 2323 1000 2391 Strebo
1016 2320 1098 2389 inon
1114 2345 1178 2391 uuo

58 2426 131 2493 loco
155 2426 303 2515 loquitur,
327 2447 429 2513 neque
450 2437 556 2494 temen
573 2426 706 2517 singulm
728 2424 873 2491 desinant
886 2433 1005 2490 stetum
1027 2422 1179 2512 perfeeto

59 2599 103 2645 uhi
115 2598 171 2647 ‘uss
184 2599 216 2648 ds
229 2599 268 2646 his
281 2598 451 2661 systemstibus
470 2600 596 2648 cisttstum
646 2601 762 2661 imitus,
775 2599 828 2647 Lih.
845 2611 884 2646 rs.
899 2611 957 2660 μς.
970 2601 1025 2648 ⁴20.
1039 2599 1086 2648 Ed.
1102 2599 1179 2650 Pstis.

60 2675 124 2734 stit.
153 2672 183 2722 1.
194 2673 226 2722 B.
647 2677 751 2725 cusuh
768 2675 808 2724 Ds
822 2674 913 2736 Lyciis,
923 2674 978 2725 Lib.
988 2686 1045 2725 xiv.
1056 2688 1114 2738 pag.
1123 2675 1180 2727 604.

105 2747 117 2781 ²
133 2748 205 2809 vie„
220 2752 324 2815 ιωριι
338 2754 426 2815 μοι,
440 2751 595 2814 eampse

59 2991 158 3032 cessor
171 2973 235 3031 vhe
248 2974 301 3033 hus
315 2974 454 3034 thesemo
465 2977 619 3051 authority,
633 2978 689 3032 sud
704 2977 848 3035 therefore
860 2978 910 3035 the
921 2995 1000 3037 seme
1009 2997 1114 3054 power,
1127 2988 1181 3041 not

58 3062 185 3118 snother
198 3079 301 3136 poster.
347 3063 402 3119 bet
412 3081 444 3120 us
459 3082 507 3119 see
522 3064 590 3120 theu
604 3066 633 3119 iu
648 3065 723 3120 shut
734 3068 830 3138 sutject
846 3065 902 3122 this
915 3067 1069 3141 Serereign
1083 3086 1180 3142 poster

59 3151 178 3205 resides.
217 3147 279 3205 'l'he
298 3150 407 3221 subject
421 3152 451 3206 in
470 3150 561 3206 which
583 3167 602 3205 s
619 3168 714 3224 power
730 3153 835 3208 resides
847 3155 870 3208 is
885 3153 978 3210 either
994 3172 1125 3213 commen
1145 3174 1180 3214 or

58 3237 187 3309 spermit
204 3252 236 3291 ns
251 3236 300 3292 the
314 3255 444 3293 common
461 3239 569 3308 suhjeet
582 3239 611 3292 in
624 3238 714 3292 which
728 3240 776 3295 the
789 3239 863 3311 sight
876 3241 981 3297 resides
994 3243 1079 3299 istho
1094 3243 1180 3317 body,

58 3323 113 3379 hut
128 3322 180 3378 the
194 3324 299 3396 special
314 3325 422 3395 subject
438 3326 461 3379 is
476 3325 525 3379 the
541 3341 601 3396 epe.
648 3325 711 3378 And
728 3327 756 3380 in
772 3326 829 3382 like
845 3345 965 3384 manner
978 3328 1029 3385 tho
1046 3345 1178 3386 common

58 3410 172 3481 subject
188 3409 217 3465 in
232 3410 323 3467 which
341 3411 391 3467 the
407 3411 592 3483 Sororeignty
608 3411 713 3465 resides
728 3412 752 3467 is
767 3412 810 3468 th<
836 3415 924 3480 Stete,
940 3415 1031 3472 which
1047 3433 1090 3472 πο
1105 3415 1179 3474 hsru

58 3497 162 3554 before
173 3497 320 3554 described
335 3515 366 3554 ss
379 3516 397 3554 ο
412 3498 521 3571 perfect
533 3496 751 3570 [independent]
765 3502 948 3575 community.

118 3590 137 3640 2
162 3583 217 3641 We
231 3585 350 3641 exclude
362 3584 505 3641 therefore
518 3588 633 3657 peopies
645 3584 734 3640 which
746 3585 817 3642 hero
829 3598 880 3660 put
893 3588 1061 3647 themselves
1070 3590 1099 3647 iu
1111 3590 1178 3648 sub·

53 3672 166 3744 §oetion
179 3680 211 3727 to
224 3672 347 3729 another
360 3673 472 3746 people,
486 3672 554 3726 surh
571 3689 601 3726 us
613 3688 687 3726 sere
702 3672 751 3727 the
770 3675 916 3745 prorinees
933 3677 966 3729 of
975 3676 1025 3731 tho
1040 3679 1176 3734 Romens.

59 3759 139 3814 Such
151 3759 269 3832 peopies
280 3777 329 3816 ure
344 3770 394 3815 net
403 3759 441 3833 by
454 3757 621 3814 themselves
633 3776 650 3811 s
666 3759 756 3824 State,
768 3776 798 3813 us
811 3776 852 3815 πο
864 3776 927 3815 nosr
936 3760 1004 3816 tuke
1016 3761 1079 3818 thet
1090 3763 1178 3830 word,

58 3845 112 3900 hut
128 3845 180 3901 the
194 3846 313 3901 inferior
327 3847 468 3902 membors
486 3845 520 3901 of
535 3863 552 3900 u
570 3855 650 3910 urent
668 3845 757 3907 State,
775 3864 806 3901 ns
823 3855 950 3902 servants
968 3865 1017 3904 nro
1036 3849 1177 3908 members

58 3931 95 3987 of
107 3949 125 3986 ι
143 3932 251 4005 family.
289 3934 389 4006 Agrin,
407 3934 429 3988 it
445 3934 605 3990 sometimes
625 3933 751 4004 happens
770 3933 832 3989 thet
849 3934 954 3988 serere!
972 3936 1089 4010 pcoples
1104 3936 1178 3996 hore

58 4017 110 4074 the
128 4035 207 4074 sume
228 4017 310 4085 heud,
328 4020 435 4088 though
458 4020 528 4075 ench
550 4020 584 4074 of
602 4019 682 4076 there
703 4020 817 4092 proples
839 4023 1006 4079 constitutes
1028 4040 1046 4078 s
1066 4025 1177 4098 perfect

57 4105 253 4177 mmmuuitys
276 4106 322 4162 fer
338 4106 445 4175 though
461 4107 568 4162 several
588 4107 685 4161 bodies
701 4118 805 4161 cannot
824 4107 895 4163 here
912 4125 967 4164 one
990 4109 1063 4167 heud
1082 4112 1111 4166 iu
1127 4110 1177 4168 the

57 4191 174 4248 ustum!
193 4192 278 4266 body,
294 4193 362 4266 they
376 4211 442 4266 urar
457 4194 485 4249 in
501 4193 551 4249 the
565 4194 655 4250 merul
671 4193 762 4265 hody3
781 4194 826 4247 for
844 4195 933 4261 there,
952 4195 1001 4251 the
1015 4213 1093 4252 sume
1111 4214 1176 4271 por·

56 4297 110 4336 son
123 4297 190 4354 may
202 4280 239 4337 be
249 4283 408 4354 sepnruteiy
424 4281 560 4352 reenrded
574 4299 604 4336 us
617 4282 665 4336 tho
678 4280 750 4335 hemi
766 4280 794 4334 in
811 4279 854 4336 his
870 4281 989 4336 relation
1002 4291 1033 4338 to
1045 4282 1178 4341 different

55 4367 168 4425 bodies.
208 4368 251 4426 Of
270 4367 361 4426 ulrich
381 4368 462 4425 there
482 4386 546 4440 mm·
567 4368 605 4425 be
625 4386 643 4424 ο
666 4368 773 4423 eertuin
798 4369 952 4424 indication
972 4370 1001 4424 in
1025 4369 1090 4436 this,
1114 4368 1179 4428 thet

55 4453 140 4512 siren
155 4454 207 4514 the
221 4456 352 4532 reigninq
363 4457 453 4514 house
464 4457 488 4514 is
499 4457 615 4524 extiuet,
629 4456 680 4514 tho
693 4454 771 4529 right
782 4454 816 4512 of
823 4464 1009 4532 gorerumcut
1023 4465 1131 4516 rererts
1146 4464 1178 4518 to

160 4604 300 4697 [σοι]
1053 4561 1076 4627 ⁸
