2774 4854
503 101 919 208 LECTURIS¹

408 311 530 370 nane
562 314 722 374 Nouam
756 319 1010 380 nmmortnn

644 497 675 555 8.
687 499 720 556 P.
732 500 769 557 D.

306 662 577 752 JOANNES
624 666 1105 761 BARBEYRACIUS.

543 897 844 912 ———-

117 1075 148 1223 (
190 1070 291 1137 uult
311 1070 344 1136 iu
359 1090 397 1137 co
414 1078 518 1138 assent
535 1069 717 1160 Bibliopolre
739 1071 949 1152 sollertissimi,
977 1080 1013 1140 ut
1029 1071 1174 1140 eximium
1198 1071 1283 1142 istud

145 1070 187 1252 d
215 1171 313 1259 Opus,
341 1170 456 1259 saepius
483 1193 625 1238 recusum
652 1183 685 1238 et
713 1174 933 1250 recudendum,
963 1175 1050 1263 typis
1076 1175 1139 1241 suis
1167 1174 1282 1242 iterum

110 1273 367 1348 committereut;
392 1293 430 1338 ao
453 1270 485 1338 iu
502 1294 539 1337 co
556 1272 758 1339 cmarulamlo
774 1285 807 1340 et
824 1274 1058 1361 interpretando
1083 1297 1146 1341 neu
1168 1297 1281 1365 parum

110 1389 226 1455 operm
251 1394 272 1438 a
294 1395 345 1439 ma
366 1372 502 1460 positum
527 1395 595 1440 esso
619 1372 861 1442 inaudivisscnt:
887 1397 1007 1439 meeum
1029 1374 1113 1440 ultro
1134 1385 1279 1464 egerunt,

110 1484 147 1534 ut
174 1473 378 1562 suppeditare
401 1473 521 1549 vellem,
547 1472 573 1539 si
599 1472 673 1560 quid
699 1474 738 1539 nd
767 1497 876 1539 noram
903 1473 1080 1539 Editionem
1107 1475 1281 1544 ornandam

111 1576 264 1640 conferre
287 1573 482 1640 commodum
507 1584 598 1640 esset.
651 1574 777 1639 Lubens
803 1575 965 1662 anrplexus
991 1597 1058 1640 sum
1089 1575 1280 1644 occasionem

110 1671 256 1741 oblatam
276 1675 317 1742 da
338 1674 399 1741 illis
423 1673 669 1748 benemerendi,
695 1673 747 1760 qui
764 1676 824 1740 lus
839 1677 970 1742 Naturre
988 1683 1021 1742 et
1039 1675 1197 1756 Gentium,
1220 1700 1280 1766 pro

111 1776 231 1843 merito
247 1776 314 1863 ejus
331 1797 449 1863 suaque
465 1774 601 1861 ipsorum
626 1773 770 1852 utilitate,
795 1776 1035 1864 amplectuntur,
1059 1776 1200 1864 adeoquo
1216 1800 1280 1846 nen

112 1887 248 1954 possunt
264 1898 326 1943 non
343 1875 468 1940 maximi
488 1875 593 1941 faeere
610 1876 778 1940 Auctorem
798 1890 948 1953 nostrum,
975 1877 1184 1943 nobillissimm
1200 1878 1280 1947 artis

114 1978 209 2056 quasi
223 1987 394 2066 parentem.
447 1975 493 2042 Et
509 1997 695 2063 quamquam
714 1975 817 2063 paullo
835 1977 904 2064 plus
922 1977 1069 2065 temporis
1093 1977 1168 2044 milri
1186 1978 1281 2047 rclin·

117 2075 189 2156 qui,
209 2100 298 2166 quam
322 2076 468 2143 serebant
489 2075 627 2141 rationes
653 2076 948 2165 Typographorum,
980 2077 1071 2144 raldo
1101 2089 1278 2167 optassomr

120 2182 129 2234 ¹
155 2198 225 2243 aren
240 2179 290 2246 rol
310 2177 355 2245 sic
376 2199 415 2244 aa
431 2186 582 2264 praestare
605 2197 655 2242 ma
678 2198 768 2263 posse
788 2177 972 2255 existimaui,
998 2178 1039 2243 do
1056 2178 1168 2267 quibus
1184 2180 1279 2248 susei-

120 2271 239 2356 piendis
254 2302 347 2346 nemo
363 2277 523 2355 hactenus,
540 2275 623 2364 quod
642 2275 748 2356 sciam,
765 2277 846 2343 serio
864 2278 1068 2369 cogitaverat
1113 2281 1196 2347 Rem
1213 2303 1280 2348 om·

123 2391 195 2443 uem
209 2381 311 2467 poecis
324 2379 440 2466 accipe.

198 2479 275 2548 Dum
292 2481 335 2547 ab
351 2479 470 2567 aliquot
486 2475 584 2552 annu.
602 2478 792 2544 Musoamr
808 2478 911 2543 adhuc
928 2476 1055 2568 degens,
1081 2481 1114 2547 in
1131 2503 1169 2548 eo
1193 2491 1278 2569 totus

125 2590 215 2657 tram,
231 2593 266 2650 ut
282 2580 397 2648 Libros
415 2580 507 2644 hosca
528 2578 678 2644 Dolore
697 2580 786 2644 lla-lli
802 2602 844 2644 ae
859 2581 965 2646 I’acr's
987 2579 1017 2645 in
1044 2581 1196 2649 Gallicam
1219 2583 1277 2651 liu·

124 2691 212 2754 tuem
229 2692 394 2756 verterem,
417 2690 451 2746 et
466 2676 559 2744 Notis
575 2679 734 2766 perpetuis
757 2679 956 2756 illustrarem,
979 2681 1020 2745 ad
1038 2705 1108 2747 eum
1126 2684 1194 2750 sero
1212 2706 1277 2750 me-

123 2768 202 2853 dum,
219 2806 279 2871 quc
295 2781 400 2849 adfine
417 2782 506 2870 Opus
527 2782 692 2845 Saaruuurs
709 2780 938 2845 l’ursxuouru
963 2782 1015 2847 Dc
1029 2784 1115 2850 Jurc
1130 2786 1276 2852 Natura

122 2882 149 2930 ‘l
177 2884 338 2962 Gauium,
364 2881 435 2970 plus
458 2878 587 2968 simplici
612 2880 686 2956 rice,
705 2878 772 2964 jam
796 2879 826 2944 in
853 2880 1007 2968 publicum
1028 2882 1138 2950 emisi:
1169 2906 1276 2951 ncces·

118 2974 230 3050 ⁸³rium
252 2984 329 3050 mihi
350 2983 546 3069 aliquatenus
568 2979 667 3045 risum
690 2992 747 3049 cst.
775 2980 968 3045 utilissimum
992 2983 1103 3049 saltem
1132 2983 1274 3052 instituto

116 3082 185 3137 '¹¹00
208 3084 326 3151 felicius
348 3080 547 3171 perficiendo,
571 3091 694 3146 veteres
711 3081 871 3146 Editioncs
890 3081 1033 3147 Grotiani
1060 3083 1177 3172 scripti,
1201 3106 1273 3174 qua·

112 3179 286 3251 erasmum
304 3185 378 3249 rire
395 3184 530 3249 Auctore
548 3179 645 3246 lucem
665 3180 818 3256 uiderunt,
843 3180 918 3245 milri
935 3203 1127 3269 comparare,
1150 3194 1183 3251 ct
1203 3207 1272 3252 eum

108 3277 294 3357 ”minimis
320 3306 392 3370 qum
416 3281 491 3348 sulm
517 3279 652 3346 omnium
679 3280 820 3345 ruanibus
845 3292 1000 3357 teruntur,
1026 3283 1176 3351 acicurato
1201 3308 1273 3352 con·

103 3355 207 3451 stlte.
260 3384 416 3451 Nimirum
434 3381 547 3469 smpius
564 3381 817 3451 observaturam,
836 3381 984 3466 cjnsurodi
1004 3383 1178 3460 Librorum,
1196 3407 1273 3473 quo-

99 3473 178 3542 rur„
209 3508 283 3552 usus
312 3496 347 3551 et
374 3482 507 3572 pretium
539 3483 684 3569 postulat,
718 3494 752 3547 ut
781 3481 948 3546 identidem
983 3485 1125 3571 repetitis
1155 3486 1273 3552 uiribus

94 3571 210 3653 P‘Qla
231 3597 409 3665 exerceant,
433 3582 594 3649 Eulitioues
618 3582 742 3648 ultimas
765 3582 924 3647 minusue
948 3583 1047 3649 minus
1073 3595 1174 3653 tersas
1198 3609 1274 3676 pur·

88 3672 263 3778 g”usquo
278 3685 406 3777 prodire
423 3683 651 3775 utplurimum:
671 3696 792 3750 tantum
804 3683 893 3749 abest
910 3693 945 3748 ut
958 3684 1019 3751 sint
1033 3686 1271 3769 emendatiores,

123 3920 153 4003 ,ι
175 3939 295 3991 hesua
304 3941 446 3993 Edlteririe
458 3940 563 4005 priorem
574 3938 710 3988 Editlonem
721 3941 788 3988 stunt
800 3942 867 3988 1120.
899 3937 945 3987 Cui
961 3937 1090 4000 subjicitur
1106 3937 1224 3983 monitum
1241 3935 1273 3985 do

81 3984 216 4070 ''¹¹⁸0oe
229 4022 377 4083 mean.
