2752 4844
658 192 701 234 ΣΧ

101 345 278 415 diversum
308 349 329 414 a
354 355 393 417 te
419 350 674 418 sentientibus:
697 352 723 418 J
725 372 827 417 rsrrs
852 350 1026 438 simulque
1054 352 1137 420 misr
1236 402 1241 410 -

101 485 182 530 curn
204 489 389 554 oppressos
412 467 571 555 populos,
591 468 741 536 afflictos
763 468 948 555 Principes
970 474 1034 535 tna
1049 476 1203 538 auett...

101 581 248 661 relevas,
272 607 340 650 nec
364 584 517 651 sortunae
542 584 688 650 nimium
712 585 821 652 licere
848 584 1035 672 permittis.
1088 586 1179 666 Quae
1206 593 1272 655 tua

100 698 286 785 singularis
302 701 545 777 beneficentia,
562 707 602 768 et
623 702 660 767 iu
681 708 822 768 tantum
842 702 924 770 Deo
943 701 1075 780 similis,
1093 711 1273 788 quantum

100 814 254 882 humana
279 824 407 884 natura
429 818 574 904 patitur,
595 839 655 883 me
679 818 789 904 cogit,
809 825 851 885 ut
869 817 937 886 hac
958 840 1100 905 quoque
1122 819 1273 907 publica

99 932 312 1002 allocutione
338 934 471 1020 gratias
496 934 562 1000 tibi
592 956 658 1021 pro
684 956 742 1001 me
767 934 930 1020 privatim
956 935 1115 1004 babeam.
1170 937 1271 1005 Nam

100 1050 396 1134 quemadmodum
418 1049 574 1118 coelestia
597 1050 715 1117 sideru
738 1073 810 1118 non
829 1058 970 1121 tantum
986 1053 1124 1141 magnis
1139 1055 1271 1123 mundi

99 1167 257 1253 partibus
279 1190 317 1234 sc
341 1167 541 1244 infundunt,
559 1168 624 1234 sed
645 1167 692 1233 ad
713 1168 852 1254 singula
867 1169 1060 1236 animantia
1074 1171 1147 1236 rim
1165 1194 1270 1238 snam

98 1285 280 1370 patiuntur
313 1284 551 1363 descendere;
584 1287 636 1352 ita
668 1287 736 1362 Tu,
767 1287 805 1352 in
838 1287 942 1353 terris
973 1287 1269 1374 benignissimum

99 1401 205 1479 sidus,
223 1423 295 1468 non
321 1408 508 1468 contentae
530 1402 669 1490 erigere
691 1402 884 1489 Principes,
904 1402 1087 1470 sublevare
1102 1405 1268 1492 populos,

98 1518 184 1584 mihi
210 1539 349 1606 quoque
372 1518 409 1583 in
433 1519 549 1606 patria
573 1520 664 1587 male
688 1518 811 1586 habito
835 1527 874 1586 et
898 1519 1098 1606 presidium
1121 1521 1268 1591 voluisti

98 1660 175 1706 csse
199 1642 238 1704 ct
261 1626 435 1703 solatium
487 1636 640 1704 Accedit
663 1637 709 1703 ad
728 1635 944 1723 implendum
964 1637 1121 1706 ‚Iustitiae
1137 1639 1267 1709 orbem

97 1763 179 1845 post
203 1754 361 1822 actiones
388 1752 544 1841 publicas
566 1753 674 1820 etiam
696 1755 839 1841 privatae
861 1754 944 1820 vitre
967 1760 1036 1821 ture
1058 1755 1267 1826 innocentia

98 1882 137 1941 et
169 1872 314 1962 puritas,
348 1870 466 1957 digna,
501 1892 606 1956 quam
640 1892 712 1936 non
749 1868 909 1937 homiues
939 1876 1089 1951 tantum,
1124 1874 1190 1941 sed
1225 1882 1266 1944 ct

96 1991 249 2059 aetheriae
266 1993 403 2056 mentes
419 1987 645 2053 admirentur.
687 1985 781 2052 Nam
800 1987 1075 2073 quotusquisque
1093 1989 1139 2057 dc
1155 1990 1265 2078 plebe

96 2110 224 2192 infima,
242 2108 314 2173 imo
331 2105 377 2173 dc
400 2104 484 2192 ipsis
501 2104 579 2185 illis,
599 2103 659 2188 qui
675 2126 697 2170 a
713 2104 836 2170 mundi
853 2105 1030 2173 consortio
1047 2128 1086 2174 se
1102 2108 1266 2179 abscide-

96 2234 189 2304 runt,
207 2225 259 2291 ita
276 2246 314 2291 se
330 2223 376 2290 ab
393 2221 555 2290 omnibus
575 2219 687 2306 culpis
707 2222 898 2289 immunem
918 2231 1070 2309 praestat,
1086 2231 1129 2293 ut
1148 2227 1264 2297 Turn

97 2368 140 2414 ca
156 2345 291 2432 positus
317 2341 470 2417 senuna,
495 2362 574 2424 quae
597 2339 789 2406 innumeris
811 2341 982 2427 peccandi
1007 2339 1181 2412 illecebris
1199 2367 1264 2413 un·

96 2464 203 2548 dique
228 2459 438 2529 obsidetur?
491 2456 671 2536 Quantum
693 2477 778 2523 vero
801 2454 869 2524 hoe
894 2463 959 2536 est,
984 2456 1079 2525 inter
1104 2462 1262 2547 negotia,

95 2581 131 2646 in
149 2580 263 2657 turba,
276 2578 313 2644 in
328 2575 417 2658 aula,
434 2576 527 2640 inter
543 2578 600 2641 tot
617 2580 690 2639 tam
707 2572 844 2640 diversa
860 2576 1082 2661 peccantium
1097 2580 1264 2667 exempla

95 2697 133 2764 id
151 2694 329 2781 consequi,
350 2690 446 2779 quod
468 2689 545 2756 aliis
569 2688 723 2757 solitudo
744 2690 814 2768 vix,
840 2712 931 2779 saepe
954 2713 1000 2760 nc
1021 2693 1081 2760 vix
1103 2694 1262 2780 quidem,

95 2812 269 2904 praestat?
320 2811 401 2877 Hoc
426 2830 510 2874 vero
532 2813 588 2873 est
611 2828 681 2873 non
705 2808 801 2875 Justi
823 2816 974 2888 tantum,
991 2809 1057 2878 sed
1078 2818 1117 2881 et
1138 2813 1264 2884 Sancti

96 2952 225 3001 nomen
242 2929 279 2995 in
296 2926 363 2994 hae
380 2926 456 3013 ipsa
472 2925 545 2990 rita
568 2925 706 3004 mereri,
723 2927 819 3011 quod
836 2929 1025 3015 majoribus
1042 2930 1113 2998 tuis
1131 2931 1263 3004 Carolo

94 3050 228 3134 Magno
246 3050 284 3112 et
301 3043 483 3110 Ludoiico
501 3040 637 3127 piorum
655 3063 844 3110 consensus
861 3050 942 3132 post
959 3046 1095 3113 obitum
1112 3049 1262 3121 tribuit:

94 3166 162 3232 boc
180 3168 236 3230 est
253 3182 330 3228 csse
347 3181 417 3226 non
432 3156 610 3244 gentilitio
627 3157 691 3226 scd
708 3180 772 3226 suo
789 3161 931 3248 proprio
941 3162 1023 3246 jure
1038 3162 1264 3236 Christianis·

94 3283 230 3351 simum.
278 3275 350 3344 Sed
375 3273 528 3343 Justitiae
554 3296 635 3342 cum
660 3297 741 3362 pars
766 3276 861 3343 nulla
885 3300 908 3344 a
928 3285 965 3345 tc
985 3279 1100 3345 aliena
1122 3281 1180 3361 sit,
1201 3285 1264 3354 illa

94 3409 224 3473 tamen,
249 3415 324 3479 quae
351 3392 445 3459 circa
464 3389 544 3456 libri
567 3391 669 3477 hujus
695 3394 889 3472 materiam,
911 3394 948 3460 id
974 3403 1038 3471 est,
1057 3395 1152 3463 circa
1177 3400 1263 3471 belh·

94 3515 259 3606 pacisque
284 3509 429 3577 consilia
454 3513 623 3585 versatur,
642 3530 686 3576 eo
703 3510 844 3597 proprie
861 3518 924 3578 tua
943 3520 1007 3590 est,
1025 3533 1095 3597 quo
1113 3515 1194 3583 Rex
1211 3541 1261 3597 es,

93 3640 132 3703 et
159 3629 302 3716 quidem
329 3627 408 3694 Rex
438 3624 664 3693 Francorum.
717 3627 847 3712 Ingens
873 3629 940 3697 hoc
967 3651 1116 3715 regnum
1146 3638 1260 3715 tuum,

94 3748 190 3837 qnod
208 3766 272 3832 per
296 3749 396 3810 tanta
421 3748 495 3808 tum
517 3739 673 3808 felicium
694 3750 867 3810 terrarum
885 3747 998 3833 spatia
1016 3747 1051 3812 in
1069 3754 1259 3837 utrumque

93 3886 189 3934 marc
213 3861 408 3949 procurrit;
435 3857 499 3925 sed
525 3857 636 3941 majus
662 3858 729 3926 hoc
752 3881 864 3945 regno
891 3885 1038 3950 regnum
1065 3869 1130 3942 est,
1163 3870 1258 3953 quod

94 4003 204 4069 regna
223 3978 338 4045 aliena
364 3999 434 4043 non
461 3973 688 4059 concupiscis.
741 3976 899 4061 Dignum
925 3980 993 4048 hoc
1021 3987 1082 4047 tua
1112 3983 1255 4069 pietate,

93 4100 239 4184 dignum
263 4095 331 4161 isto
354 4091 507 4178 usagio,
532 4113 601 4156 non
627 4093 829 4178 cujusquam
850 4096 909 4178 jus
934 4097 1040 4164 armis
1068 4108 1253 4177 attentare,

92 4237 163 4281 non
181 4219 318 4279 veteres
341 4210 485 4276 turbare
508 4207 613 4283 fines;
640 4208 704 4276 scd
727 4211 764 4277 in
785 4209 877 4276 bello
893 4216 989 4299 pacis
1006 4237 1132 4300 gerere
1151 4237 1271 4301 nego-

91 4333 190 4396 timu.
217 4350 283 4395 nec
304 4327 460 4415 incipere
482 4325 548 4392 nisi
569 4324 636 4392 hoc
660 4333 754 4399 voto.
772 4334 813 4394 ut
835 4332 1089 4418 quamprimum
1107 4332 1260 4401 desinas
1278 4396 1308 4418 ,
