2774 4854
181 202 266 268 russii
607 215 636 272 J.
661 216 923 274 ennunrnncn

178 391 302 451 nostras
319 384 352 451 in
368 384 426 451 hos
441 383 526 472 ipsos
543 382 655 450 Libros
678 385 731 451 De
745 387 830 451 ‚lere
845 383 936 450 Belli
951 405 993 450 cc
1010 385 1124 462 Pacis,
1148 385 1206 475 qni
1229 386 1291 456 (ιιι

180 486 274 564 versi,
289 485 376 552 haud
391 486 436 551 ita
452 496 523 572 post
538 484 666 574 longum
681 495 814 572 tempus,
829 486 897 551 Deo
910 483 1016 562 dante,
1034 486 1150 575 publici
1161 487 1247 575 juris
1260 479 1292 555 fii

73 589 76 596 “
181 586 233 652 Ex
249 586 309 653 illis
325 584 529 653 versionibus
548 585 673 662 nostris,
696 584 742 651 ita
758 584 929 661 adornatis,
953 585 1019 673 peti
1036 587 1164 674 poterit,
1187 598 1292 677 nispe

180 709 259 765 mus,
276 686 381 776 justus
402 685 435 752 in
458 695 627 773 utrumque
646 686 816 751 Auctorem
834 685 1094 763 Commentarius,
1119 687 1174 775 qui
1191 698 1225 756 et
1240 690 1281 755 ad

180 787 365 878 telligendos
381 786 460 853 duas
474 786 543 852 illos
558 787 581 852 J
584 785 648 850 uris
663 784 826 851 Naturalis
840 794 874 853 et
892 785 1040 853 Gentium
1060 786 1257 875 Interpretes
1275 810 1292 876 p

178 888 303 966 marios,
327 898 361 955 ct
375 887 416 955 ed
433 886 542 952 intima
564 885 762 952 nobilissimas
785 885 1029 974 utillissimmqne
1050 887 1224 976 disciplinas
1243 888 1293 978 ιιι)

178 987 383 1078 penetranda,
411 986 470 1052 nisi
497 985 598 1064 fallor,
626 985 702 1053 satis
728 985 807 1064 erit3
844 986 925 1052 riam
953 997 1039 1054 certe
1066 988 1190 1056 facilem
1213 997 1293 1057 stern

179 1090 449 1157 commentatores
471 1097 586 1162 antem,
612 1085 782 1174 quassatis
800 1086 922 1163 multos,
951 1087 1116 1154 nonnullos
1141 1089 1232 1156 malis
1255 1090 1293 1156 ltu

178 1190 313 1280 exigam,
331 1197 438 1256 noster
454 1187 505 1254 hic
522 1186 641 1264 habuit,
666 1208 760 1274 quem
783 1209 895 1276 pnrnm
918 1187 1009 1253 nobis
1030 1187 1205 1276 adjumenti
1226 1189 1293 1257 ins

176 1289 237 1357 isto
260 1289 388 1380 nogotio
411 1287 593 1364 adtulerint,
619 1310 662 1353 ex
685 1287 850 1353 collatione
877 1287 1017 1375 patebit;
1045 1298 1078 1355 et
1100 1288 1142 1355 de
1163 1311 1203 1355 eo
1223 1289 1293 1378 nliqr

177 1390 260 1458 forte
293 1390 431 1457 dicemus
463 1387 496 1455 in
525 1386 718 1454 Proelatione
747 1388 788 1453 ad
817 1387 1001 1454 versionem
1028 1387 1096 1476 jam
1127 1401 1294 1456 memorem

177 1489 364 1557 Necessarie
391 1498 497 1556 tamen
524 1487 619 1554 fnisse
643 1509 682 1554 ea
709 1489 813 1554 omnia
842 1510 914 1576 qum
945 1487 1159 1576 prestitimus,
1189 1498 1294 1576 praetr

174 1590 286 1658 saltem
304 1590 407 1657 conati
422 1611 537 1666 sumus,
561 1588 611 1655 rel
627 1609 667 1653 ex
684 1610 721 1654 eo
739 1587 872 1677 intelligi
889 1596 1003 1676 potest,
1029 1587 1115 1675 quod
1139 1588 1243 1677 stylus
1257 1590 1294 1656 Δι

176 1691 253 1759 toris
269 1690 468 1759 brevissimus
488 1710 545 1777 per
566 1711 601 1755 sc
623 1687 699 1754 satis
721 1687 840 1777 negotii
860 1688 993 1755 facessat
1010 1687 1206 1773 Lectoribos,
1228 1698 1294 1756 etr

174 1804 279 1862 tentos
300 1814 394 1880 quem
417 1789 552 1855 manime
571 1787 727 1876 postulet:
753 1797 789 1855 ut
811 1788 954 1854 minimus
980 1810 1071 1855 error
1095 1789 1163 1855 sire
1187 1787 1221 1856 in
1243 1790 1295 1857 reb

173 1894 261 1984 ipsis,
284 1893 351 1959 sive
367 1892 399 1958 in
417 1889 531 1971 verbis,
557 1889 753 1958 difficultates
773 1887 1004 1956 inextricabiles
1027 1910 1295 1978 nonnumquam}

172 2018 245 2079 rere
261 2008 366 2089 queat

100 2167 107 2174 .
145 2138 151 2147 ·
251 2101 360 2168 Habes
376 2094 446 2163 heio
462 2094 566 2172 etiam,
594 2094 745 2172 anron,
765 2092 806 2159 V.
825 2091 862 2159 C.
879 2092 1025 2158 Jonnn’rs
1047 2091 1228 2159 Fnrnrnrcr
1245 2091 1295 2160 Gn

174 2223 269 2270 noun
291 2201 403 2275 Notas,
428 2219 509 2285 qum,
535 2217 575 2262 ex
592 2215 654 2281 qno
670 2192 770 2258 lucem
798 2191 933 2279 primum
957 2190 1112 2269 viderunt,
1140 2191 1296 2260 Editionib

174 2302 316 2371 omnibns
338 2296 539 2385 sequentibus
561 2293 688 2360 comites
704 2292 788 2359 dutae
810 2299 892 2374 sunt,
915 2299 957 2368 et,
977 2300 1108 2379 propter
1128 2288 1296 2359 snmamri

173 2399 352 2490 sequuturis
366 2397 478 2473 adhuc,
494 2405 531 2462 nt
545 2393 697 2480 conjicere
711 2390 794 2468 licet,
810 2413 906 2479 porro
921 2391 1090 2458 dabuntur.
1144 2391 1184 2458 In
1200 2391 1296 2459 illice

173 2500 355 2592 perdendis,
378 2507 412 2565 et
428 2493 630 2563 emendandis
644 2500 701 2559 aut
718 2490 862 2557 notandis
879 2490 1049 2568 erroribus,
1072 2490 1187 2579 quibus
1202 2500 1296 2559 scater

174 2601 379 2691 amplissimus
410 2620 444 2663 se
475 2594 564 2661 uobis
596 2592 759 2660 obtulisset
790 2612 925 2678 campus,
954 2590 1010 2656 sed
1042 2600 1077 2657 et
1106 2589 1297 2682 ingmu'ssim

173 2704 264 2771 labor
278 2697 457 2767 subeundus
473 2695 600 2762 fnisset:
626 2692 659 2759 id
676 2714 751 2759 sero
768 2712 825 2757 nee
842 2699 975 2777 tempas,
992 2711 1050 2757 nec
1065 2690 1188 2758 animas
1203 2691 1297 2759 sincbr

174 2804 267 2872 Absit
291 2810 327 2868 ut
351 2798 470 2865 meritis
487 2795 556 2862 Viri
578 2791 780 2861 celeberrimi
803 2791 971 2878 quidquem
994 2790 1208 2859 detrahamus.
1265 2789 1294 2857 S

173 2912 281 2971 manet
308 2911 341 2968 et
368 2897 505 2965 manebit
525 2894 569 2960 illi
588 2894 656 2959 lans
673 2893 706 2958 in
731 2901 927 2980 perpetuum,
950 2889 1136 2957 eruditionis
1158 2887 1297 2981 profnnd

173 3001 314 3072 lectionis
329 3001 461 3082 diffusae,
476 3006 509 3063 et
519 2992 668 3062 acuminis
678 2991 749 3057 miri
761 2992 794 3056 in
810 2991 904 3058 rebus
915 2990 1138 3058 Grammaticis
1148 3001 1182 3059 et
1199 2990 1297 3060 critic

173 3126 244 3192 qum
260 3103 293 3169 in
310 3101 434 3189 scriptis
451 3098 526 3185 ejus,
545 3095 639 3161 cedro
655 3092 767 3182 dignis,
784 3090 899 3178 ubique
915 3091 1038 3157 micant
1086 3091 1161 3170 Sed,
1179 3090 1207 3159 si
1222 3107 1298 3159 reru

173 3204 277 3271 dicere
299 3200 449 3275 volomus,
473 3196 544 3262 huic
569 3204 685 3261 nostrm
707 3191 875 3278 disciplinas
897 3190 987 3257 Juris
1005 3191 1169 3258 Naturalis
1188 3201 1224 3259 et
1242 3192 1298 3257 Ge:

174 3305 260 3382 tium,
280 3325 320 3368 ne
338 3301 377 3367 de
391 3299 460 3365 aliis
477 3297 587 3371 dicam,
612 3315 673 3359 non
691 3314 758 3358 enm
777 3311 904 3378 operam
924 3289 1067 3367 dederet
1092 3290 1177 3358 utin
1194 3294 1298 3359 sumi

171 3413 280 3471 nostre
303 3397 538 3488 interpretando
555 3392 649 3462 talem
673 3414 707 3458 se
724 3403 876 3479 praestare
895 3399 1008 3477 posset,
1035 3389 1170 3476 quatem,
1197 3402 1298 3470 mem}

171 3503 286 3595 gratia,
304 3501 336 3568 in
355 3500 453 3565 Lrvro
469 3495 657 3562 recensendo
674 3504 708 3559 et
724 3490 908 3578 explicando
925 3511 1032 3555 omncs
1049 3489 1213 3558 ιιιίιιιιιιιιι.
1250 3488 1298 3556 Po

171 3625 272 3694 pauca
293 3600 362 3669 lreie
384 3609 457 3666 sunt
482 3598 572 3663 bouso
592 3593 710 3682 frugis:
734 3591 868 3679 plurime
890 3611 1094 3678 supervacue,
1117 3599 1152 3657 et
1177 3610 1248 3679 ane
1276 3601 1298 3647 v

170 3705 239 3771 aliis
260 3713 382 3769 tantum
403 3697 507 3766 serbis
525 3717 648 3761 sensnm
671 3691 816 3757 Auctoris
838 3689 914 3756 satis
943 3689 1060 3755 clnrum
1089 3689 1248 3769 exhibent,
1277 3699 1298 3745 V

170 3804 239 3872 usui
258 3825 326 3869 esso
349 3808 478 3888 possunt
499 3796 572 3861 solis
589 3792 754 3883 tyronibus
776 3789 809 3855 in
827 3791 950 3880 Lingua
967 3789 1091 3867 Latina,
1114 3790 1223 3877 quales
1240 3799 1299 3855 cer

169 3927 237 3972 esse
253 3925 315 3969 non
332 3901 457 3974 debent,
480 3896 533 3983 qni
555 3896 614 3962 hoc
637 3894 725 3979 Opus
749 3891 856 3979 legere
878 3888 1115 3979 adgrediuntur.
1168 3888 1232 3957 Sed
1251 3888 1291 3951 et

169 4013 274 4071 mente
290 3998 439 4070 Auctoris
455 3996 563 4071 nostri,
588 3993 674 4080 cujus
691 3990 844 4079 principia
863 4012 926 4055 non
946 3988 1022 4055 sotis
1043 3988 1247 4081 intelligebat,
1268 3973 1300 4043 V

167 4103 371 4173 Doctissimus
394 4098 478 4164 haud
498 4118 571 4161 raro
593 4095 729 4159 aberrat.
783 4092 825 4156 Et
842 4101 991 4179 nepotes
1012 4110 1071 4156 nos
1094 4088 1129 4157 id
1151 4090 1249 4182 gratis
1272 4097 1300 4143 ⁸¹

168 4226 285 4285 serere,
301 4200 469 4292 specimina
486 4196 629 4283 quedam
647 4192 717 4259 Tibi
735 4191 885 4268 dedimus,
906 4190 979 4256 dum
997 4189 1102 4258 obiter
1116 4191 1218 4259 Notae
1232 4178 1300 4255 min

166 4303 251 4372 inter
265 4298 497 4370 'recensendum
521 4298 609 4383 Opus
631 4293 724 4370 istud,
750 4291 1021 4380 perlustraremus.
1072 4290 1168 4370 Vnde,
1192 4290 1300 4357 exeml

166 4403 283 4493 gretia,
303 4402 374 4469 Lib.
393 4400 420 4467 l.
446 4419 514 4485 cap.
534 4418 567 4462 ιι.
594 4389 610 4490 p
632 4398 685 4461 10.
709 4415 792 4458 num.
812 4394 864 4457 ll.
888 4400 953 4457 not.
970 4389 1025 4468 77,
1045 4398 1080 4457 et
1098 4411 1167 4479 cap.
1184 4410 1231 4456 ιιι.
1258 4370 1283 4475 ξ
