2774 4854
91 205 161 263 (lar.
176 203 256 277 m]
381 208 475 274 QUAE
497 207 561 265 Fir
582 209 660 266 PER
681 208 826 276 necuit,
847 209 931 268 BTG.
1140 196 1206 265 363

93 374 156 454 Qui
173 383 207 444 et
223 375 297 445 alibi
325 372 441 470 [Apud
458 376 546 444 Stob.
564 378 721 465 Florilop.
737 376 787 446 tit
807 376 887 468 t6]:

300 512 398 571 Ἔστιν
411 514 440 570 tl
454 511 540 585 μήτηρ
554 517 710 587 φιλότεκνος
721 517 825 586 μᾶλλον
837 517 944 590 πατρὸς,

309 602 342 658 'll
358 604 406 672 pir
416 603 468 675 γὰρ
482 603 562 670 aiar’pr
573 597 644 658 cita
657 603 720 667 uide,
736 604 751 657 d
765 601 789 658 δ’
804 599 893 658 oderas.

308 707 404 763 hlator
418 707 543 763 teacuiua
557 706 662 763 liberos
676 705 791 762 adamat
804 713 900 780 patres

311 795 385 860 Quin
400 802 568 850 materaria
583 796 637 850 scit
650 809 724 858 suos,
739 803 823 868 pater
836 799 973 852 autemst.

90 895 167 962 ldoo
191 893 274 962 ratio
299 892 405 981 aliqua
424 892 613 981 reperienda
634 892 704 971 luit,
730 914 793 983 qua
814 893 1019 983 probabiliter
1043 901 1204 966 mnsam

89 997 158 1084 quis
186 1005 269 1063 essct
295 1007 405 1083 partus
429 995 579 1082 cujusque
604 1003 705 1082 pater.
754 995 804 1060 Ea
829 994 912 1062 ratio
939 1005 997 1074 est,
1023 996 1203 1088 conjugium

89 1107 225 1163 sumtum
242 1095 276 1162 in
293 1093 435 1162 terminis
450 1094 655 1172 naturalibus,
668 1094 702 1162 id
719 1104 776 1172 est,
792 1095 987 1174 consociatio,
1005 1119 1069 1187 qua
1085 1097 1203 1165 femina

88 1196 147 1263 sub
170 1196 266 1263 maris
291 1196 432 1263 custodia
455 1194 664 1263 constituitur.
717 1195 863 1265 Sedetsi
887 1197 949 1264 alio
973 1198 1203 1286 quovismodo

89 1307 211 1365 constet
227 1296 297 1384 quis
313 1295 409 1363 luerit
423 1306 527 1384 pater,
544 1305 601 1364 aut
623 1307 715 1385 pater
738 1296 770 1364 id
787 1318 846 1386 pro
863 1296 1028 1386 explorato
1044 1298 1202 1379 habuerit,

89 1397 276 1465 naturaliter
298 1396 325 1464 is
347 1406 457 1487 partus
482 1418 546 1464 non
571 1396 673 1464 miuus
697 1419 790 1487 quarn
815 1396 895 1463 alius
919 1396 1023 1486 quiris
1046 1399 1201 1467 moosdet

90 1498 236 1577 Quidni?
272 1520 342 1565 cum
375 1497 470 1565 utinm
504 1501 704 1565 ”exarmans
738 1497 842 1586 palam
876 1518 935 1586 pro
967 1497 1032 1565 tilio
1064 1498 1202 1580 habitus,

88 1621 181 1686 quem
198 1599 382 1688 adoptatum
399 1608 522 1675 vocant,
539 1597 687 1666 succedat
703 1620 742 1665 ex
759 1596 939 1685 conjectura
955 1598 1155 1668 voluntatis?

165 1700 186 1764 2
221 1700 391 1767 Naturales
420 1721 506 1778 uero,
533 1699 628 1767 etiam
658 1709 730 1788 post
755 1698 827 1790 lege
855 1698 1069 1768 introductum
1092 1722 1202 1769 eornm

88 1799 253 1868 discrimen
270 1823 291 1869 a
306 1799 463 1891 legitimis,

305 1935 376 2004 (Τῦν
388 1936 504 2009 γνησίων
517 1937 569 2009 γόρ
583 1936 659 1992 oleta
672 1934 744 1994 dmr
757 1935 853 1994 triade

305 2027 386 2098 Νόμᾳ
401 2026 535 2079 νοσοῦσιν.

306 2128 406 2184 Notha
419 2137 502 2202 parte
516 2129 596 2184 nulla
609 2128 708 2185 sobole
722 2128 849 2203 legitima
862 2128 965 2197 minor,

307 2215 366 2272 Sed
380 2216 444 2289 lege
458 2216 607 2290 premitur.

88 2318 136 2383 Ut
153 2313 232 2381 dixit
256 2313 438 2403 Euripides)
461 2324 592 2403 possunt
615 2322 721 2381 umen
743 2312 899 2402 adoptari,
922 2312 982 2380 nisi
1004 2311 1057 2380 lex
1083 2313 1200 2382 obstet

87 2422 192 2502 Atque
210 2414 242 2480 id
263 2415 337 2480 olim
358 2414 562 2503 permittebat
584 2414 635 2480 lex
658 2414 802 2480 Romana
826 2412 993 2490 Anmtadi
1010 2413 1067 2481 sed
1091 2424 1201 2503 postea
1212 2428 1368 2518 2322*ss

86 2515 210 2602 injusti
228 2515 416 2581 matrimonii
440 2515 579 2582 furorem
605 2513 758 2580 difficilior
781 2514 925 2602 quiedam
948 2513 1031 2580 ratio
1053 2536 1108 2582 eos
1123 2513 1202 2607 legi-

133 2709 240 2756 'ilabet
255 2709 287 2755 ab
302 2708 460 2766 Surrento,
475 2709 500 2756 ln
520 2708 621 2758 Homer.
669 2709 723 2758 eide
732 2710 780 2756 τοῦ
789 2709 851 2757 τοτ’
861 2709 966 2770 him
975 2708 1023 2758 dic.
1051 2709 1080 2760 Ι.
1090 2709 1126 2760 Β.

86 2800 144 2848 pap.
166 2788 233 2832 1412.
254 2783 306 2832 Ed.
323 2785 394 2833 Rosa.
413 2785 453 2832 ubl
472 2792 554 2834 tamen
571 2785 621 2833 allo
714 2793 732 2820 Ι
748 2785 887 2833 Eurum
898 2786 984 2848 pan
1000 2787 1118 2848 restio
1129 2787 1202 2838 Ui·

86 2863 160 2908 saodo
171 2868 196 2908 et
206 2875 364 2922 strumonem
373 2863 468 2909 Auctor
477 2862 528 2922 lpse
538 2862 620 2923 ssqul·
668 2859 720 2922 tul
736 2862 789 2909 Aut
803 2875 879 2923 arpos
891 2862 916 2908 ln
932 2860 1008 2908 fllium
1021 2861 1162 2925 adoptata,
1172 2867 1202 2912 st

86 2946 129 2986 tur
143 2938 169 2984 in
184 2939 294 2985 raraioos
308 2952 366 2986 sna:
382 2938 467 2985 Αὑτὸν
481 2937 532 2999 peip
543 2938 621 2986 οὐδεὶς
667 2953 684 2986 s
693 2937 786 2986 Jaeoho
796 2943 898 3001 nepotes
907 2937 1023 3001 aparu-
1034 2938 1200 2990 amm

86 3191 137 3247 tluo
149 3207 224 3246 maa.
263 3190 321 3245 But
335 3188 361 3243 lt
370 3189 393 3243 lt
404 3186 441 3244 ho
456 3187 558 3244 known
574 3188 603 3243 iu
619 3203 675 3260 say
690 3185 773 3244 other
789 3204 851 3261 way
865 3186 928 3245 who
942 3189 966 3244 is
980 3186 1031 3245 the
1046 3189 1151 3254 ader.
1165 3207 1201 3249 or

85 3280 137 3335 tlre
151 3277 245 3332 father
262 3276 334 3331 haro
355 3275 531 3330 ascertained
551 3275 600 3330 tho
622 3274 689 3336 fact,
711 3273 781 3330 such
796 3275 939 3348 offspring,
960 3291 991 3331 aa
1010 3276 1073 3333 ssu
1095 3294 1126 3334 aa
1142 3295 1201 3354 any

85 3367 179 3430 other,
197 3364 265 3419 does
284 3363 322 3435 b5
343 3361 464 3418 Natural
486 3362 553 3417 hair
571 3360 700 3418 succced,
732 3361 807 3434 Why
824 3362 895 3418 not?
922 3362 1006 3419 Since
1024 3379 1043 3419 a
1060 3372 1201 3440 muger,

85 3451 211 3526 adopted
224 3469 255 3507 as
267 3468 285 3506 a
299 3467 359 3514 son,
372 3451 433 3505 alto
443 3449 576 3505 tucceeds
591 3449 665 3504 from
680 3448 730 3504 tho
742 3449 923 3521 conjectured
935 3449 1002 3506 vill.

146 3546 163 3594 2
191 3538 313 3594 Natural
325 3535 462 3602 children,
480 3553 551 3592 orca
565 3535 641 3592 aster
658 3535 707 3590 tho
719 3536 771 3590 lasr
786 3535 837 3591 has
851 3535 935 3591 made
948 3552 968 3592 a
981 3536 1135 3595 difformes
1147 3537 1201 3597 be·

85 3636 178 3682 tsreen
193 3624 272 3681 them
287 3624 343 3681 aud
356 3624 512 3696 legitimate
526 3622 662 3684 children,
684 3618 744 3693 [see
761 3616 931 3694 Euripidoa]
948 3639 1013 3694 may
1026 3622 1063 3680 be
1074 3623 1200 3698 adopted

88 3713 140 3788 [by
151 3713 201 3770 the
213 3708 330 3783 t'atherl,
342 3720 443 3784 except
456 3710 507 3766 tho
518 3711 570 3765 lav
584 3710 734 3781 interposo.
758 3709 1034 3782 Thiswaslormer15
1044 3711 1199 3783 permira&

85 3803 124 3873 by
140 3801 189 3856 the
204 3802 316 3856 Roman
331 3800 397 3854 Lair
413 3799 447 3855 ot
459 3796 637 3853 Anastasius:
655 3796 707 3852 hut
725 3795 899 3858 afterwards,
910 3796 939 3850 in
952 3795 1037 3852 order
1051 3805 1081 3854 to
1096 3798 1200 3857 saron

85 3889 242 3959 legitimatc
255 3888 403 3957 marriage,
417 3903 435 3940 a
447 3901 526 3940 moro
537 3884 655 3938 ditiicult
670 3900 730 3956 aar
743 3883 776 3939 of
787 3884 901 3956 parting
913 3881 991 3939 them
1007 3900 1044 3940 on
1055 3901 1075 3941 a
1088 3885 1200 3963 scotlag

84 3975 121 4031 os
133 3975 257 4046 equality
272 3972 340 4028 arith
355 3973 509 4045 legitimate
526 3970 654 4026 children
669 3987 725 4026 uras
737 3969 914 4034 introduced,
926 3972 1073 4043 percuriat
1086 3974 1199 4032 ohlatia

84 4081 156 4126 uera,
178 4061 216 4134 hy
231 4062 351 4132 olicring
368 4060 447 4115 mem
467 4071 497 4116 to
511 4059 547 4114 bo
563 4059 686 4114 Curiata
709 4053 739 4129 [a
760 4058 963 4114 burthcnsome
976 4054 1147 4132 conditionJ,
1164 4077 1200 4119 or

83 4149 125 4222 by
149 4149 321 4219 subsequeut
339 4148 477 4218 marriage
496 4144 542 4214 [of
563 4146 612 4202 tlue
632 4141 770 4219 parental.
809 4147 854 4200 Aa
873 4147 1002 4218 example
1025 4147 1059 4203 ot
1075 4145 1125 4204 the
1148 4147 1199 4206 old

83 4235 266 4309 adoptiones
275 4234 386 4289 natural
397 4233 525 4289 children
535 4233 658 4289 vehare
670 4235 699 4288 ia
711 4232 761 4288 the
772 4249 838 4289 sona
850 4233 884 4289 ol
891 4233 990 4298 Jacob,
1003 4231 1066 4289 who
1074 4250 1149 4291 vare
1159 4234 1199 4309 loy

83 4327 162 4382 their
175 4323 270 4379 iathar
281 4323 365 4378 mado
377 4321 460 4394 alual
472 4334 503 4378 to
517 4321 567 4378 tho
578 4337 645 4378 sous
658 4322 693 4379 ol
701 4321 761 4379 irco
772 4336 891 4385 women,
901 4320 959 4376 aud
973 4320 1103 4378 raoeird
1114 4322 1200 4399 oquul

82 4424 165 4491 parts
178 4414 209 4469 in
220 4412 270 4470 tho
283 4409 467 4469 inhcritanoe.
