2752 4844
219 208 284 274 208
479 216 533 272 DE
554 215 668 272 uuum
692 214 838 280 CAUSIS,
860 213 911 269 ΕΤ
934 213 1094 272 PRIMUM
1211 210 1331 283 amit

218 385 314 454 liceat
331 383 488 453 destinato
505 383 537 451 id
552 384 667 463 iacere,
686 383 769 450 undo
791 405 875 449 mors
891 381 1091 473 aggressoris
1112 379 1157 450 sit
1179 390 1328 459 secutura,

219 487 276 553 scd
300 486 385 575 quod
414 485 466 552 hie
492 508 575 552 mors
603 484 657 550 illa
680 507 743 551 non
774 484 918 573 eligatur,
947 493 983 551 ιιι
1007 482 1161 572 quiddam
1187 482 1328 571 primario

219 586 384 663 intentum,
401 585 481 653 sieut
496 586 529 651 in
547 584 707 673 punitione
720 585 871 672 judiciali,
888 584 945 650 sed
969 593 1006 651 ut
1030 583 1170 662 unicum,
1189 583 1275 672 quod
1295 607 1325 649 eo

220 696 362 776 tempore
388 686 550 774 suppetit:
576 709 645 752 cum
669 686 696 752 is
723 687 776 773 qui
800 685 961 774 impetitus
980 685 1048 773 jam
1072 694 1133 762 est,
1160 683 1259 751 etiam
1281 683 1325 751 ilio

220 795 363 876 tempore
380 786 472 852 mallo
489 787 603 853 debeat
621 787 683 852 talc
700 786 818 874 aliquid
837 787 950 864 iacere,
967 807 1030 873 quo
1050 786 1135 853 alter
1157 785 1324 852 absterrea-

221 897 283 967 tur,
299 894 356 954 aut
374 885 566 962 debilitetur,
583 909 676 974 quarn
692 910 754 974 quo
772 887 917 954 intereat

296 987 338 1054 V.
380 987 400 1052 1
435 978 622 1053 'Periculum
654 1009 794 1075 presens
821 987 872 1054 hic
898 973 1081 1076 requiritur,
1111 996 1148 1056 et
1181 987 1270 1076 quasi
1296 985 1322 1054 in

109 1161 111 1164 y
220 1095 347 1176 puncto.
398 1087 517 1154 Fateor
537 1086 722 1176 quidem,
697 1112 724 1153 ει
750 1088 916 1155 insultator
938 1110 1027 1154 arma
1049 1087 1197 1177 arripiat,
1219 1099 1253 1157 et
1267 1086 1323 1177 qui·

220 1186 354 1255 domita
369 1195 406 1255 ut
421 1198 575 1277 appareat
591 1210 662 1255 eum
680 1187 713 1255 id
737 1189 842 1254 iacere
862 1187 1022 1256 occidendi
1044 1189 1162 1267 animo,
1187 1187 1320 1279 occupari

221 1310 312 1377 possa
336 1287 479 1355 facinus:
506 1310 577 1355 nam
602 1288 635 1354 iu
656 1289 838 1367 moralibus,
855 1297 891 1356 ut
912 1298 945 1356 et
966 1289 998 1355 in
1018 1289 1219 1356 naturalibus
1241 1311 1322 1378 punc

220 1399 289 1456 tum
306 1411 368 1455 nou
392 1388 551 1455 invenitur
568 1388 636 1454 siue
652 1388 757 1474 aliqua
778 1389 962 1456 latitudine:
992 1389 1049 1455 sed
1071 1388 1208 1455 multum
1225 1390 1322 1456 saliun-

220 1499 275 1556 tur
299 1497 333 1556 ct
355 1488 478 1566 iallunt,
499 1487 554 1575 qui
579 1498 696 1554 metum
722 1489 978 1578 qualemcumque
1002 1488 1045 1554 ad
1065 1487 1120 1576 jus
1145 1491 1322 1577 occupaudae

126 1631 133 1644 ·
221 1588 445 1657 interiectionis
470 1587 650 1655 admittunt.
698 1590 783 1655 Vere
809 1589 890 1655 cuim
918 1589 1033 1655 dictum
1061 1599 1110 1655 cst
1136 1611 1158 1655 a
1185 1590 1323 1656 Cicerone

220 1689 322 1778 primo
345 1689 386 1755 ds
408 1687 531 1756 officiis:
557 1688 707 1777 plurimas
727 1689 857 1777 injurias
878 1699 1001 1756 amatu
1024 1688 1188 1805 proficisci,
1210 1712 1278 1758 cum
1293 1690 1322 1766 is,

221 1789 275 1878 qui
298 1811 412 1857 nocere
427 1788 521 1856 alteri
538 1789 665 1878 cogitat,
686 1788 785 1866 timot,
805 1812 845 1855 ns
869 1788 928 1854 nisi
951 1789 985 1856 id
1007 1789 1156 1868 iecerit,
1147 1812 1217 1878 :pse
1232 1790 1324 1878 aliquo

55 1907 209 1994 pet-rm
221 1890 375 1958 afficiatur
405 1889 610 1957 incommodo.
658 1889 828 1957 Clearchus
860 1889 945 1977 apud
977 1887 1244 1978 Xenophontem:
1280 1889 1324 1959 rai

222 1981 293 2086 peip
315 1983 388 2061 uida
407 1982 466 2074 prin
483 1985 685 2109 ἀνθρώπους,
710 1988 788 2063 τοις
809 2020 871 2068 μεν
892 1985 929 2058 ἐκ
948 1982 1120 2077 διαβολῆς,
1141 1989 1223 2066 ‘roris
1240 1983 1274 2062 δὲ
1292 1988 1325 2080 ἐξ

223 2088 383 2210 saepias,
399 2124 428 2161 οι
417 2085 666 2185 φοβηθέντες
684 2085 866 2174 ἀλλήλους,
888 2086 1020 2213 φθάσαι
1036 2087 1238 2177 βουλόμενα
1256 2091 1325 2216 arpis

221 2189 383 2271 παθεῖν,
368 2193 528 2272 cerciaco:
544 2187 717 2271 ἀνήκεστα
737 2187 818 2260 nand
836 2187 915 2266 roric
938 2220 1017 2260 ουτε
1033 2187 1289 2312 ιιὲλλοντοι,
1255 2222 1325 2262 οντε

219 2289 444 2380 βουλομένουι
459 2294 614 2360 τοιοῦτον
631 2285 733 2360 οὐδέν·
760 2294 879 2358 maltos
902 2295 1142 2378 spectarique
1135 2295 1327 2361 οοιιιυιιιιο

222 2395 361 2462 adducti
386 2405 446 2459 aut
473 2393 665 2479 ιιιιριοιοιιο,
692 2394 769 2458 dum
796 2405 943 2459 metuunt
966 2393 1061 2470 ulios,
1090 2406 1121 2460 et
1151 2397 1328 2481 prevenire

220 2495 349 2560 malunt
367 2516 470 2581 quam
484 2495 622 2578 perpeti,
639 2494 855 2559 atrocissimis
871 2493 970 2559 neniis
988 2515 1039 2559 cos
1061 2497 1253 2578 affecerunt,
1274 2495 1328 2583 pai

219 2596 311 2661 nihil
327 2595 394 2661 talc
400 2595 538 2679 facturi
547 2593 699 2679 sacrant,
712 2615 753 2660 uc
769 2615 808 2659 ne
824 2595 1047 2679 copitavercnt
1064 2595 1210 2680 quidem.
1256 2597 1327 2663 caro

52 2703 175 2794 &¹12⁶AE
219 2694 252 2760 in
278 2693 420 2762 oratioue
443 2715 502 2781 pro
528 2693 779 2759 Rhodiensibus:
811 2695 897 2780 qaod
923 2694 998 2761 illos
1023 2693 1170 2762 dicimus
1195 2698 1327 2764 voluisse

217 2887 282 2931 trum
299 2880 341 2930 De
359 2881 422 2929 Jure
440 2879 501 2928 Nat.
519 2884 542 2927 ct
564 2879 633 2928 Gent.
649 2878 703 2927 Lib.
719 2891 749 2925 ιι.
800 2889 852 2926 sar·
881 2879 1022 2927 cariturum
1041 2880 1144 2938 incidie,
1167 2882 1192 2929 ri
1215 2884 1267 2945 ipse
1279 2882 1327 2942 jeu

217 2961 303 3022 capt.
333 2958 363 3007 J.
373 2957 405 3006 B.
799 2955 1020 3017 ineitoeperipros
1033 2956 1327 3019 οᾱιιιιιιιρσίιιιιηιι

263 3033 270 3070 ¹
284 3033 422 3082 Periculum
429 3031 544 3094 presens]
561 3031 749 3092 iinjusdistinc-
799 3029 844 3077 hoc
858 3036 880 3078 et
894 3032 965 3078 alind
977 3033 1074 3094 quiricis
1087 3035 1250 3096 apprrdiatrrr
1254 3037 1328 3098 potins

216 3111 373 3158 tinniturum
391 3111 516 3170 egregium
532 3109 586 3155 vide
602 3108 667 3167 apud
682 3107 748 3166 Αοιι-
799 3120 870 3166 qaam
884 3109 916 3154 ab
932 3108 1065 3156 hominibus
1078 3111 1254 3161 inimicissimis
1263 3112 1328 3175 perdi

218 3187 292 3233 thiam
301 3199 336 3233 ιν.
347 3185 400 3247 [uhi
410 3186 440 3231 dc
451 3185 516 3232 credo
533 3184 636 3242 Grimi,
646 3198 667 3229 e.
680 3187 701 3229 1.
714 3181 748 3244 2.]
799 3183 906 3229 resinat.
929 3184 1019 3245 [Locus
1029 3186 1143 3247 urgeo.
1176 3190 1326 3238 Seduhira·

217 3263 292 3324 Apud
304 3261 468 3322 Thucydidem
479 3261 568 3307 Octneo
577 3259 746 3318 Phrynichus:
800 3272 840 3304 sus
856 3259 917 3306 alius
931 3267 977 3320 est,
991 3275 1063 3322 quum
1078 3263 1109 3309 de
1118 3277 1170 3324 quo
1180 3265 1235 3313 heic
1244 3266 1325 3327 agitur.

217 3337 260 3384 ὅτι
273 3337 444 3397 ἀνεπίφθονον
459 3336 483 3384 ai
499 3336 543 3391 siin
566 3335 603 3389 rin
622 3334 680 3393 περὶ
702 3337 749 3388 τῆς
799 3334 826 3382 J.
837 3335 881 3396 B.]

216 3414 304 3474 ψυχῆι
324 3411 356 3458 δι’
382 3412 488 3459 irrisore
510 3412 676 3458 κινδυνεύοντι
707 3411 749 3457 καί
845 3411 912 3458 ‘lca
923 3413 1107 3474 quoquehubet
1122 3415 1148 3464 ιιι
1162 3417 1324 3482 Emptis&

216 3489 297 3535 τοῦτο
314 3487 356 3534 rai
370 3487 437 3534 ἄλλο
453 3503 481 3533 τι
496 3484 527 3532 dn
542 3486 634 3544 δρᾶσαι
649 3485 749 3543 μᾶλλον
804 3486 1323 3556 Trup.rthm.Graecis‚pug.390;qum·
1366 3474 1368 3489 ⁴

216 3563 233 3620 ιι
242 3563 291 3611 iri
309 3564 363 3612 rein
374 3562 501 3624 ιχθιστων
516 3561 595 3608 αὐτόν
609 3560 749 3620 διιφιιιρῆ·
799 3576 872 3623 quam
889 3565 961 3610 rerba
976 3567 1118 3628 ceteroquin
1132 3582 1183 3616 nou
1196 3570 1269 3632 plana
1283 3570 1323 3616 siat

217 3819 243 3875 ii
258 3837 296 3876 no
314 3819 398 3877 other
412 3838 472 3894 :ray
487 3820 520 3876 os
539 3819 630 3893 saicty
645 3838 759 3893 appear,
779 3822 800 3877 it
819 3840 884 3895 may
902 3830 953 3879 not
971 3821 1008 3878 be
1023 3821 1119 3877 lauiul
1136 3830 1165 3880 ιο
1178 3823 1217 3881 do
1230 3823 1289 3881 that
1299 3819 1324 3876 oi

217 3913 262 3963 set
279 3925 411 3981 purpose,
429 3908 521 3962 nhich
543 3909 597 3961 nili
617 3925 700 3962 cause
719 3909 768 3964 the
790 3909 875 3964 death
899 3911 932 3965 ot*
952 3910 1000 3966 the
1019 3928 1177 3982 aggressor,
1195 3912 1249 3968 hut
1269 3911 1320 3967 that

218 3994 286 4049 such
302 3994 388 4049 death
401 3996 424 4050 is
437 4002 487 4049 not
500 3996 603 4049 chosen
619 4013 648 4049 as
664 3997 824 4067 something
838 3999 984 4070 primarily
1000 3997 1146 4064 intended,
1165 4017 1197 4056 us
1213 4001 1242 4055 in
1255 3997 1320 4070 judi-

218 4081 272 4136 cial
288 4082 470 4153 punishment
490 4083 512 4136 it
532 4083 564 4144 is,
579 4082 630 4137 but
646 4084 668 4137 it
684 4084 706 4137 is
722 4084 825 4139 chosen
839 4102 868 4139 ns
885 4084 933 4140 the
949 4085 1015 4156 only
1030 4084 1112 4158 thing
1124 4086 1218 4143 which
1229 4088 1253 4142 is
1265 4085 1320 4140 theu

219 4169 358 4240 possible:
376 4171 452 4225 since
470 4169 506 4223 he
525 4168 586 4223 who
606 4170 628 4224 is
647 4171 788 4236 attached,
807 4189 877 4227 eren
897 4171 965 4226 then
981 4171 1070 4243 ought
1087 4183 1117 4229 ιο
1136 4174 1175 4230 do
1197 4173 1321 4247 anything

219 4254 257 4325 by
272 4255 363 4310 which
378 4256 427 4311 tlrc
441 4256 575 4310 ussailaut
597 4274 662 4328 may
681 4258 717 4312 be
739 4259 837 4314 scarcd
860 4278 946 4332 away,
968 4276 1001 4314 or
1020 4259 1154 4332 duprircd
1178 4261 1213 4316 οι
1231 4273 1321 4334 power·

219 4340 317 4396 rather
332 4342 400 4398 than
412 4343 450 4415 oy
465 4343 555 4397 ulrich
568 4343 605 4398 lrc
620 4362 685 4416 may
697 4344 734 4401 bc
747 4346 843 4401 killed.

275 4428 311 4485 V.
349 4435 363 4486 1
387 4431 508 4488 Prosent
527 4429 634 4504 danger
649 4433 672 4487 is
687 4431 756 4489 herc
771 4433 912 4506 required,
929 4433 985 4489 and
1002 4433 1152 4492 imminent
1171 4435 1201 4490 iu
1220 4453 1239 4492 a
1253 4433 1320 4508 point

379 4505 644 4541 ν..
776 4533 795 4568 ᾖ
998 4513 1310 4560 ’κν-Ν.
