2774 4854
59 233 210 308 emsa]
454 236 499 294 IX
520 236 773 296 suramoaaa
1111 228 1175 296 175

60 405 141 474 AElii
158 403 249 484 Laeti,
274 426 368 473 mma
386 403 588 495 palastritm;
607 427 669 493 quo
685 416 790 474 tamen
808 407 1005 495 Imperatore
1021 404 1074 472 rix
1091 406 1175 493 quis·

60 530 156 596 quam
173 507 234 575 fuit
250 507 437 575 sceleratior.
478 507 676 584 Parthenius,
703 507 791 594 cnjus
812 509 928 574 lactum
946 506 1056 573 itidem
1071 505 1174 574 detes-

59 620 150 677 tatur
172 609 396 689 Tertullianus,
423 616 494 675 erat
513 607 575 685 ille,
597 608 651 695 qni
668 609 834 697 pessimum
856 610 1083 695 Imperatorem
1107 607 1174 674 Do·

62 711 229 779 mitianum
247 718 453 800 oppresserat.
505 709 566 775 His
588 721 749 797 comparat
774 709 971 777 Plautianum
988 709 1173 798 praesectam

59 812 222 903 praetorio,
248 811 302 898 qui
320 811 504 901 Septimium
522 810 675 877 Severum
699 811 790 879 valde
811 808 1045 901 sanguinarium
1070 811 1173 899 lmpe·

58 923 202 980 satorem
224 911 365 979 occidere
386 912 418 978 in
440 911 556 1000 palatio
573 911 726 980 voluerat.
774 913 812 978 ln
834 912 967 978 eundem
985 909 1173 999 Septimium

60 1015 216 1080 Sororum
241 1034 339 1090 arma,
365 1013 451 1102 quasi
479 1033 537 1100 pro
559 1011 738 1099 reipublicm
762 1013 904 1094 caritate,
929 1022 1107 1080 sumserant
1138 1012 1173 1080 in

61 1115 162 1204 Syria
178 1115 364 1181 Pescennius
380 1113 491 1204 Niger,
512 1112 545 1179 in
569 1112 673 1180 Gallia
693 1123 725 1180 et
750 1114 915 1181 Britannia
931 1112 1060 1179 Clodius
1080 1113 1172 1181 Albi·

59 1238 129 1281 nus
168 1215 232 1282 Sed
249 1216 360 1282 horum
378 1236 501 1303 quoque
516 1213 633 1281 iactum
652 1214 837 1282 Christianis
854 1213 1019 1303 displicuit,
1036 1215 1122 1302 quod
1139 1223 1186 1301 et⁴

58 1316 103 1382 ad
122 1314 288 1404 Scapulam
309 1317 411 1405 jactat
426 1314 664 1383 Tertullianus:
692 1317 795 1385 Circa
812 1317 1013 1400 rtrujestatem
1029 1319 1173 1404 impera·

60 1420 145 1484 toris
161 1420 387 1504 infernarum:
411 1431 519 1484 tamen
535 1438 703 1504 ausspoom
721 1419 904 1493 Albiniani,
921 1417 973 1483 vel
991 1419 1171 1504 Niqriani,

59 1520 114 1585 ccl
145 1521 302 1586 Cassiani
329 1520 472 1585 irrecsrim‘
496 1530 676 1605 potueruut
715 1520 908 1586 Christiani.
962 1516 1103 1585 Cassiani
1127 1517 1173 1585 illi

58 1629 166 1697 erant,
191 1618 245 1705 qui
270 1619 367 1686 secuti
397 1627 488 1685 erant
514 1617 662 1684 Auidium
690 1618 841 1697 Cassiam,
868 1617 970 1684 sirum
996 1617 1170 1708 egregiam,

59 1720 116 1808 qui
142 1720 175 1786 in
200 1719 296 1809 Syria
317 1719 427 1785 sumtis
454 1718 550 1785 armis
578 1719 766 1785 causabatur
794 1718 1033 1806 Rempublicam
1061 1741 1096 1786 se
1122 1717 1172 1787 irs

58 1820 251 1896 restitutum,
269 1841 362 1907 quam
380 1821 425 1886 al.
446 1818 594 1886 Antonini
610 1818 804 1910 negligentia
819 1819 977 1908 perderet

138 1924 160 1987 2
194 1921 385 1998 Ambrosius,
403 1943 472 1987 cum
488 1919 634 2008 injuriam
649 1943 712 1986 non
728 1919 789 1988 sibi
804 1931 936 1998 tanturm
954 1921 1011 1988 sed
1027 1927 1062 1988 et
1077 1919 1172 2012 gregi

58 2045 128 2101 suo,
145 2032 180 2089 et
196 2021 325 2089 Christo
342 2021 409 2088 ficri
424 2021 568 2088 crederet
584 2045 606 2089 a
619 2020 848 2100 Valentiniano,
867 2021 1170 2100 valentinianistam

58 2122 167 2211 populi
194 2122 271 2189 satis
298 2122 442 2190 concitati
469 2132 556 2189 motu
578 2121 621 2189 ad
650 2121 856 2188 resistendum
890 2121 937 2187 uti
967 2144 1030 2188 non
1062 2121 1170 2190 voluit.

58 2228 242 2301 ”Coactum
262 2222 372 2310 inquit,
398 2246 580 2312 repupaare
596 2246 661 2289 moa
676 2225 777 2289 aeni:
801 2224 907 2289 dolere
918 2237 1041 2309 potero,
1054 2235 1170 2309 potero

50 2328 144 2412 flere,
157 2337 272 2412 potero
286 2346 428 2412 peracre:
445 2328 600 2392 adversus
616 2346 723 2402 ormo,
743 2326 871 2400 utilitas,
893 2326 1017 2390 Gothos
1033 2345 1168 2411 qaoque,

59 2427 215 2512 lacryma
237 2447 314 2492 meoe
334 2448 431 2490 orata
452 2438 549 2492 sunt:
575 2426 663 2492 talia
684 2429 867 2492 enimcum
892 2427 1094 2491 munimenta
1114 2444 1171 2490 sa·

58 2529 248 2593 cardetum:
273 2527 374 2592 aliter
402 2548 459 2593 nec
484 2527 591 2605 debeo,
619 2549 677 2593 nec
702 2547 834 2613 possam
861 2527 1018 2592 resistere.
1070 2525 1169 2594 hloxr

57 2627 270 2713 Eripebatar
292 2648 316 2692 α
333 2649 392 2702 me,
419 2639 459 2693 ut
473 2649 698 2713 compescerem
711 2626 891 2713 populum.-
916 2627 1106 2712 referebam,
1131 2626 1171 2693 iu

58 2750 127 2794 meo
145 2729 224 2812 jore
240 2749 314 2804 esse,
332 2739 369 2793 at
385 2749 449 2793 noa
466 2729 654 2802 ercitarcm,
672 2729 708 2792 ia
724 2729 792 2793 Dei
808 2748 918 2802 neena,
936 2738 975 2793 ut
990 2729 1169 2814 marmorea

59 2827 150 2893 Idem
179 2826 362 2894 Ambrosius
399 2826 530 2894 Maximi
559 2826 654 2917 copiis
684 2826 836 2894 adversus
868 2827 1105 2914 Imperatorem,
1136 2839 1171 2897 et

59 3005 209 3066 Comnptnm
220 3005 245 3051 ld
260 3017 348 3051 nomm
359 3016 407 3050 non
422 3003 463 3050 ato
476 3003 550 3050 modo
564 3003 589 3049 tn
636 3003 716 3064 pm!
735 3003 844 3049 rotantes
858 3007 893 3049 est
909 3003 987 3050 nat.-
1010 3018 1057 3052 m
1076 3019 1120 3069 qs
1135 3021 1171 3057 ιι

58 3081 211 3129 Tertulliano
220 3082 308 3139 tuerat,
319 3080 361 3127 sed
371 3079 450 3126 sanae
460 3080 531 3126 sstln
543 3080 590 3126 Sm-
639 3077 1080 3140 cellcoocr’rcmsnm'osepopstm
1110 3081 1171 3130 lul.

58 3160 148 3215 rtonio,
164 3159 265 3216 (Domit.
281 3172 301 3204 e.
314 3159 360 3214 17),
375 3157 417 3202 ubi
433 3155 553 3212 Saturius,
563 3162 589 3202 st
640 3161 705 3201 tatus
723 3160 878 3212 utmagnus
897 3153 1031 3216 Gregorius
1045 3157 1108 3205 llbro
1123 3171 1170 3207 sss.

58 3235 82 3280 la
95 3234 195 3279 lictors
210 3232 311 3292 vulgari,
327 3232 367 3278 nbi
384 3231 513 3292 Casperius
528 3230 589 3292 legl-
640 3231 743 3291 epistola
757 3245 774 3276 s.
791 3232 820 3275 Si
834 3231 858 3274 s's
875 3237 947 3277 nerse
958 3231 1172 3292 ιοηφοὸωὼηι

58 3317 116 3358 tarr
132 3308 253 3369 (apaan.
264 3322 285 3355 e.
298 3310 333 3354 12.
347 3322 411 3354 anas
421 3308 459 3366 a).
639 3322 676 3353 ne
688 3308 784 3354 misem
798 3307 930 3365 solemn,
945 3309 1016 3355 hodic
1030 3309 1172 3371 somer.

102 3392 120 3418 ¹
133 3383 236 3431 ccccm
251 3397 384 3444 rep-quare
400 3397 446 3429 sos
460 3381 526 3445 scot]
546 3383 588 3430 ln·
640 3384 798 3443 aeranem
814 3397 855 3430 ure
872 3398 956 3445 seyen,
974 3398 1017 3431 nse
1036 3384 1115 3443 daca,
1128 3400 1172 3435 sss

57 3462 134 3508 seruit
145 3461 440 3507 Gmaisnuseaussxxns.
456 3461 589 3520 qnaesuone
640 3460 846 3516 contrectabant,
856 3467 928 3522 atqu
942 3460 968 3507 ln
982 3475 1074 3510 m
1087 3461 1173 3524 cufi·

58 3551 115 3584 rsss.
151 3535 226 3596 (cau.
254 3535 305 3594 21.)
341 3535 409 3581 ldem
436 3535 587 3595 Ambrosias,
639 3535 868 3584 mmmmds'mso.

57 3614 162 3676 epistola
173 3625 274 3660 mssa.
309 3611 383 3658 l‘altt's
398 3612 423 3657 iu
438 3611 532 3658 emula
546 3625 588 3656 ra·

57 3870 165 3922 tutions
177 3852 288 3936 enjoin}
303 3863 358 3918 and
374 3862 531 3918 Tertullian
545 3863 640 3919 boasts
655 3863 718 3920 that
731 3864 780 3919 the
795 3862 951 3919 Christiana
968 3859 1024 3916 had
1036 3877 1075 3918 no
1086 3861 1170 3920 {hm

58 3955 86 4009 ln
99 3953 151 4010 the
163 3951 279 4006 murder
290 3950 324 4006 oi
333 3949 381 4005 the
395 3951 503 4005 Roman
517 3951 678 4023 Emporon„
717 3948 784 4022 [Sec
797 3951 846 4005 the
858 3943 1013 4021 passages]

116 4048 134 4096 2
161 4039 307 4102 Amissum,
326 4037 433 4109 though
453 4037 561 4108 searing
579 4037 661 4092 barm
681 4047 730 4092 rsot
749 4037 815 4108 only
831 4044 861 4091 to
880 4035 997 4090 himself
1009 4037 1062 4093 but
1075 4043 1107 4093 to
1125 4037 1170 4094 tas

57 4128 131 4184 tiock
144 4128 218 4181 from
233 4125 424 4187 Valentinian,
439 4125 530 4178 would
546 4131 595 4178 not
607 4142 658 4179 nse
673 4125 722 4180 the
734 4125 903 4179 excitament
918 4123 952 4176 os
963 4122 1013 4179 the
1024 4125 1127 4198 people
1138 4140 1170 4180 as

57 4233 75 4270 a
90 4230 188 4273 means
202 4214 236 4270 ot'
251 4213 421 4273 resistance;
439 4226 468 4264 as
485 4210 521 4265 ho
535 4227 598 4282 sapa
615 4213 643 4266 in
661 4212 703 4266 his
723 4212 852 4284 Epistlcs.
883 4206 976 4279 [See]
1011 4210 1074 4265 Tiso
1091 4226 1170 4266 nme

56 4301 196 4358 Ambroso
211 4300 302 4358 would
318 4309 367 4356 not
384 4315 433 4354 use
451 4296 501 4352 tho
519 4297 610 4353 torres
626 4299 660 4355 ot
679 4300 817 4354 llaximus
832 4299 941 4369 against
957 4295 1007 4352 tho
1022 4297 1170 4369 Emperor,

57 4388 168 4460 though
182 4389 252 4446 both
265 4406 302 4444 an
317 4388 404 4444 Arina
418 4385 474 4441 aad
489 4402 524 4440 sn
538 4401 687 4459 oppressor
701 4387 734 4441 ot'
746 4384 930 4441 caecantem
967 4384 1007 4440 So
1022 4383 1103 4439 visen
1117 4383 1171 4439 Ju-

55 4475 115 4532 lisn
132 4475 181 4532 tiss
196 4477 334 4550 apostate
348 4492 403 4532 sss
418 4475 556 4549 passuing
570 4473 619 4531 tho
634 4481 708 4529 most
723 4472 894 4530 destructive
909 4471 1048 4538 oounsels,
1061 4469 1100 4529 lae
1114 4486 1170 4528 ns

1182 2248 1335 2336 diuisi&

1181 2341 1290 2392 mi.

1180 2637 1287 2691 musa
