<?xml version="1.0" encoding="UTF-8"?>
<!DOCTYPE html PUBLIC "-//W3C//DTD XHTML 1.0 Transitional//EN"
    "http://www.w3.org/TR/xhtml1/DTD/xhtml1-transitional.dtd">
<html xmlns="http://www.w3.org/1999/xhtml" xml:lang="en" lang="en">
 <head>
  <title>
</title>
<meta http-equiv="Content-Type" content="text/html;charset=utf-8" />
  <meta name='ocr-system' content='tesseract 3.04.00' />
  <meta name='ocr-capabilities' content='ocr_page ocr_carea ocr_par ocr_line ocrx_word'/>
</head>
<body>
  <div class='ocr_page' id='page_1' title='image "./hugonisgrotiide04barbgoog_0165.png"; bbox 0 0 2752 4844; ppageno 0'>
   <div class='ocr_carea' id='block_1_1' title="bbox 218 178 1329 287">
    <p class='ocr_par' dir='ltr' id='par_1_1' title="bbox 218 178 1329 287">
     <span class='ocr_line' id='line_1_1' title="bbox 218 178 1329 287; baseline -0.007 -11"><span class='ocrx_word' id='word_1_1' title='bbox 218 205 261 276; x_wconf 74' lang='lat'><strong><em>78</em></strong></span> <span class='ocrx_word' id='word_1_2' title='bbox 417 216 472 274; x_wconf 80' lang='grc' dir='ltr'><strong><em>ιιι</em></strong></span> <span class='ocrx_word' id='word_1_3' title='bbox 493 215 669 274; x_wconf 78' lang='lat' dir='ltr'><strong><em>unumne</em></strong></span> <span class='ocrx_word' id='word_1_4' title='bbox 691 178 1329 287; x_wconf 70' lang='lat' dir='ltr'><strong><em>uuourarehsensrstn.[1.an</em></strong></span> 
     </span>
    </p>
   </div>
   <div class='ocr_carea' id='block_1_2' title="bbox 56 376 1330 487">
    <p class='ocr_par' dir='ltr' id='par_1_2' title="bbox 56 376 1330 487">
     <span class='ocr_line' id='line_1_2' title="bbox 56 376 1330 487; baseline 0.002 -39"><span class='ocrx_word' id='word_1_5' title='bbox 56 402 113 487; x_wconf 63' lang='lat' dir='ltr'><strong><em>pp,</em></strong></span> <span class='ocrx_word' id='word_1_6' title='bbox 121 401 197 449; x_wconf 76' lang='lat' dir='ltr'><strong><em>uun</em></strong></span> <span class='ocrx_word' id='word_1_7' title='bbox 221 387 332 466; x_wconf 70' lang='lat' dir='ltr'><strong><em>tiones,</em></strong></span> <span class='ocrx_word' id='word_1_8' title='bbox 351 387 437 455; x_wconf 83' lang='lat' dir='ltr'><strong><em>bello</em></strong></span> <span class='ocrx_word' id='word_1_9' title='bbox 452 399 650 454; x_wconf 82' lang='lat' dir='ltr'><strong><em>noscuntur</em></strong></span> <span class='ocrx_word' id='word_1_10' title='bbox 690 384 847 452; x_wconf 77' lang='lat' dir='ltr'>Maximus</span> <span class='ocrx_word' id='word_1_11' title='bbox 863 382 1003 473; x_wconf 84' lang='lat' dir='ltr'><strong><em>Tyrius:</em></strong></span> <span class='ocrx_word' id='word_1_12' title='bbox 1019 385 1073 454; x_wconf 80' lang='lat' dir='ltr'><strong><em>oio</em></strong></span> <span class='ocrx_word' id='word_1_13' title='bbox 1087 376 1204 466; x_wconf 74' lang='lat' dir='ltr'><strong><em>neerei</em></strong></span> <span class='ocrx_word' id='word_1_14' title='bbox 1219 377 1330 451; x_wconf 73' lang='grc' dir='ltr'>πάντα</span> 
     </span>
    </p>
   </div>
   <div class='ocr_carea' id='block_1_3' title="bbox 58 479 1335 2680">
    <p class='ocr_par' dir='ltr' id='par_1_3' title="bbox 58 479 1335 2680">
     <span class='ocr_line' id='line_1_3' title="bbox 221 479 1327 601; baseline -0.005 -45"><span class='ocrx_word' id='word_1_15' title='bbox 221 482 381 567; x_wconf 65' lang='grc' dir='ltr'>πολέμου·</span> <span class='ocrx_word' id='word_1_16' title='bbox 414 518 449 556; x_wconf 90' lang='grc' dir='ltr'>αι</span> <span class='ocrx_word' id='word_1_17' title='bbox 482 516 552 581; x_wconf 77' lang='grc' dir='ltr'><strong><em>’γαρ</em></strong></span> <span class='ocrx_word' id='word_1_18' title='bbox 584 482 751 570; x_wconf 70' lang='grc' dir='ltr'>ἐπιθυμίαι</span> <span class='ocrx_word' id='word_1_19' title='bbox 789 482 982 555; x_wconf 74' lang='grc' dir='ltr'>πλανῶνται</span> <span class='ocrx_word' id='word_1_20' title='bbox 1019 486 1212 576; x_wconf 79' lang='grc' dir='ltr'>πανταχοῦ,</span> <span class='ocrx_word' id='word_1_21' title='bbox 1251 479 1327 601; x_wconf 76' lang='lat' dir='ltr'><strong><em>accpi</em></strong></span> 
     </span>
     <span class='ocr_line' id='line_1_4' title="bbox 221 583 1326 679; baseline -0.01 -21"><span class='ocrx_word' id='word_1_22' title='bbox 221 591 335 658; x_wconf 81' lang='grc' dir='ltr'>πᾶσαν</span> <span class='ocrx_word' id='word_1_23' title='bbox 367 590 436 679; x_wconf 74' lang='grc' dir='ltr'><strong><em>γῆν</em></strong></span> <span class='ocrx_word' id='word_1_24' title='bbox 471 617 531 660; x_wconf 84' lang='grc' dir='ltr'><strong><em>τας</em></strong></span> <span class='ocrx_word' id='word_1_25' title='bbox 564 583 805 667; x_wconf 72' lang='grc' dir='ltr'>πλεουεξιας</span> <span class='ocrx_word' id='word_1_26' title='bbox 788 587 1034 679; x_wconf 73' lang='grc' dir='ltr'>επεγεῖρουσαι.</span> <span class='ocrx_word' id='word_1_27' title='bbox 1086 585 1191 651; x_wconf 80' lang='lat' dir='ltr'><strong><em>Nune</em></strong></span> <span class='ocrx_word' id='word_1_28' title='bbox 1217 585 1326 649; x_wconf 81' lang='lat' dir='ltr'><strong><em>omnio</em></strong></span> 
     </span>
     <span class='ocr_line' id='line_1_5' title="bbox 222 687 1326 777; baseline -0.005 -22"><span class='ocrx_word' id='word_1_29' title='bbox 222 689 314 756; x_wconf 85' lang='lat' dir='ltr'><strong><em>bellis</em></strong></span> <span class='ocrx_word' id='word_1_30' title='bbox 326 690 450 777; x_wconf 87' lang='lat' dir='ltr'><strong><em>plena.</em></strong></span> <span class='ocrx_word' id='word_1_31' title='bbox 445 713 453 730; x_wconf 92' lang='lat'><strong>·</strong></span> <span class='ocrx_word' id='word_1_32' title='bbox 470 689 591 773; x_wconf 80' lang='lat' dir='ltr'><strong><em>ubique</em></strong></span> <span class='ocrx_word' id='word_1_33' title='bbox 607 691 695 754; x_wconf 86' lang='lat' dir='ltr'><strong><em>enim</em></strong></span> <span class='ocrx_word' id='word_1_34' title='bbox 712 689 866 754; x_wconf 85' lang='lat' dir='ltr'><strong><em>oberrant</em></strong></span> <span class='ocrx_word' id='word_1_35' title='bbox 880 687 1089 773; x_wconf 71' lang='lat' dir='ltr'><strong><em>cupiditates,</em></strong></span> <span class='ocrx_word' id='word_1_36' title='bbox 1102 695 1134 751; x_wconf 87' lang='lat' dir='ltr'><strong><em>et</em></strong></span> <span class='ocrx_word' id='word_1_37' title='bbox 1146 705 1210 771; x_wconf 81' lang='lat' dir='ltr'><strong><em>per</em></strong></span> <span class='ocrx_word' id='word_1_38' title='bbox 1220 703 1326 749; x_wconf 81' lang='lat' dir='ltr'><strong><em>omnes</em></strong></span> 
     </span>
     <span class='ocr_line' id='line_1_6' title="bbox 221 782 1324 873; baseline -0.007 -17"><span class='ocrx_word' id='word_1_39' title='bbox 221 802 327 856; x_wconf 86' lang='lat' dir='ltr'><strong><em>terroe</em></strong></span> <span class='ocrx_word' id='word_1_40' title='bbox 349 791 496 857; x_wconf 80' lang='lat' dir='ltr'><strong><em>enoitont</em></strong></span> <span class='ocrx_word' id='word_1_41' title='bbox 520 789 706 873; x_wconf 83' lang='lat' dir='ltr'><strong><em>appetitum</em></strong></span> <span class='ocrx_word' id='word_1_42' title='bbox 732 810 842 854; x_wconf 67' lang='lat' dir='ltr'><strong><em>onom</em></strong></span> <span class='ocrx_word' id='word_1_43' title='bbox 865 788 1061 854; x_wconf 81' lang='lat' dir='ltr'><strong><em>alienorum.</em></strong></span> <span class='ocrx_word' id='word_1_44' title='bbox 1108 782 1324 851; x_wconf 73' lang='lat' dir='ltr'><strong><em>lamblichus.</em></strong></span> 
     </span>
     <span class='ocr_line' id='line_1_7' title="bbox 58 876 1323 1012; baseline -0.006 -54"><span class='ocrx_word' id='word_1_45' title='bbox 58 908 161 958; x_wconf 71' lang='lat' dir='ltr'><strong><em>mneos</em></strong></span> <span class='ocrx_word' id='word_1_46' title='bbox 169 908 198 948; x_wconf 71' lang='lat'><strong><em>1²</em></strong></span> <span class='ocrx_word' id='word_1_47' title='bbox 221 890 276 958; x_wconf 78' lang='lat' dir='ltr'><strong><em>nni</em></strong></span> <span class='ocrx_word' id='word_1_48' title='bbox 310 885 403 1012; x_wconf 69' lang='lat' dir='ltr'><strong><em>&#39;ydp</em></strong></span> <span class='ocrx_word' id='word_1_49' title='bbox 415 882 581 966; x_wconf 69' lang='grc' dir='ltr'>πολέμους</span> <span class='ocrx_word' id='word_1_50' title='bbox 614 886 668 956; x_wconf 79' lang='lat' dir='ltr'><strong><em>nni</em></strong></span> <span class='ocrx_word' id='word_1_51' title='bbox 698 883 836 962; x_wconf 72' lang='grc' dir='ltr'>στάσεις</span> <span class='ocrx_word' id='word_1_52' title='bbox 876 885 929 955; x_wconf 81' lang='lat' dir='ltr'><strong><em>nni</em></strong></span> <span class='ocrx_word' id='word_1_53' title='bbox 959 881 1069 982; x_wconf 77' lang='grc' dir='ltr'>μα’χας</span> <span class='ocrx_word' id='word_1_54' title='bbox 1104 876 1203 953; x_wconf 71' lang='lat' dir='ltr'><strong><em>eodelr</em></strong></span> <span class='ocrx_word' id='word_1_55' title='bbox 1234 877 1323 955; x_wconf 91' lang='grc' dir='ltr'>αλλο</span> 
     </span>
     <span class='ocr_line' id='line_1_8' title="bbox 220 975 1324 1083; baseline -0.004 -26"><span class='ocrx_word' id='word_1_56' title='bbox 220 983 363 1083; x_wconf 76' lang='grc' dir='ltr'>παρέχει</span> <span class='ocrx_word' id='word_1_57' title='bbox 384 981 405 1069; x_wconf 78' lang='grc' dir='ltr'><em>ἢ</em></span> <span class='ocrx_word' id='word_1_58' title='bbox 427 985 471 1055; x_wconf 75' lang='lat' dir='ltr'><strong><em>nei</em></strong></span> <span class='ocrx_word' id='word_1_59' title='bbox 492 989 585 1068; x_wconf 77' lang='grc' dir='ltr'>σῶμα</span> <span class='ocrx_word' id='word_1_60' title='bbox 609 987 663 1056; x_wconf 78' lang='lat' dir='ltr'><strong><em>nni</em></strong></span> <span class='ocrx_word' id='word_1_61' title='bbox 691 987 725 1056; x_wconf 87' lang='lat' dir='ltr'><strong><em>ni</em></strong></span> <span class='ocrx_word' id='word_1_62' title='bbox 747 985 873 1057; x_wconf 75' lang='grc' dir='ltr'>τούτου</span> <span class='ocrx_word' id='word_1_63' title='bbox 895 984 1069 1068; x_wconf 74' lang='grc' dir='ltr'>ἐπιθυμίαι.</span> <span class='ocrx_word' id='word_1_64' title='bbox 1095 975 1219 1054; x_wconf 70' lang='grc' dir='ltr'>δια</span> <span class='ocrx_word' id='word_1_65' title='bbox 1168 1013 1243 1081; x_wconf 76' lang='grc' dir='ltr'><strong><em>γαρ</em></strong></span> <span class='ocrx_word' id='word_1_66' title='bbox 1264 979 1324 1066; x_wconf 70' lang='lat' dir='ltr'><strong><em>crit</em></strong></span> 
     </span>
     <span class='ocr_line' id='line_1_9' title="bbox 218 1083 1323 1182; baseline -0.004 -26"><span class='ocrx_word' id='word_1_67' title='bbox 218 1117 289 1158; x_wconf 86' lang='grc' dir='ltr'>πιυυ</span> <span class='ocrx_word' id='word_1_68' title='bbox 308 1090 481 1182; x_wconf 74' lang='grc' dir='ltr'>χρησίμων</span> <span class='ocrx_word' id='word_1_69' title='bbox 498 1090 615 1171; x_wconf 80' lang='grc' dir='ltr'>κτῆσιν</span> <span class='ocrx_word' id='word_1_70' title='bbox 632 1085 755 1163; x_wconf 76' lang='grc' dir='ltr'>πάντες</span> <span class='ocrx_word' id='word_1_71' title='bbox 772 1119 803 1158; x_wconf 92' lang='grc' dir='ltr'><strong><em>οι</em></strong></span> <span class='ocrx_word' id='word_1_72' title='bbox 792 1083 958 1169; x_wconf 74' lang='grc' dir='ltr'>πόλεμοι</span> <span class='ocrx_word' id='word_1_73' title='bbox 974 1089 1170 1178; x_wconf 70' lang='lat' dir='ltr'><strong><em>yiynorroe.</em></strong></span> <span class='ocrx_word' id='word_1_74' title='bbox 1218 1085 1323 1164; x_wconf 77' lang='lat' dir='ltr'><strong><em>Belle,</em></strong></span> 
     </span>
     <span class='ocr_line' id='line_1_10' title="bbox 212 1188 1324 1278; baseline -0.003 -24"><span class='ocrx_word' id='word_1_75' title='bbox 212 1211 359 1278; x_wconf 74' lang='lat' dir='ltr'><strong><em>pnynos,</em></strong></span> <span class='ocrx_word' id='word_1_76' title='bbox 386 1190 559 1256; x_wconf 70' lang='lat' dir='ltr'><strong><em>seditiones</em></strong></span> <span class='ocrx_word' id='word_1_77' title='bbox 589 1211 707 1276; x_wconf 82' lang='lat' dir='ltr'><strong><em>eorpus</em></strong></span> <span class='ocrx_word' id='word_1_78' title='bbox 729 1191 855 1276; x_wconf 76' lang='lat' dir='ltr'><strong><em>Probet</em></strong></span> <span class='ocrx_word' id='word_1_79' title='bbox 886 1201 916 1255; x_wconf 87' lang='lat' dir='ltr'><strong><em>et</em></strong></span> <span class='ocrx_word' id='word_1_80' title='bbox 943 1189 1091 1275; x_wconf 75' lang='lat' dir='ltr'><strong><em>eorporis</em></strong></span> <span class='ocrx_word' id='word_1_81' title='bbox 1117 1188 1324 1274; x_wconf 79' lang='lat' dir='ltr'><strong><em>cupiditates.</em></strong></span> 
     </span>
     <span class='ocr_line' id='line_1_11' title="bbox 220 1281 1266 1357; baseline -0.004 -1"><span class='ocrx_word' id='word_1_82' title='bbox 220 1291 313 1356; x_wconf 84' lang='lat' dir='ltr'><strong><em>Nam</em></strong></span> <span class='ocrx_word' id='word_1_83' title='bbox 326 1312 437 1357; x_wconf 76' lang='lat' dir='ltr'><strong><em>rmum</em></strong></span> <span class='ocrx_word' id='word_1_84' title='bbox 453 1290 626 1355; x_wconf 83' lang='lat' dir='ltr'><strong><em>utibilinm</em></strong></span> <span class='ocrx_word' id='word_1_85' title='bbox 642 1312 764 1356; x_wconf 75' lang='lat' dir='ltr'><strong><em>caucaso</em></strong></span> <span class='ocrx_word' id='word_1_86' title='bbox 779 1289 865 1356; x_wconf 85' lang='lat' dir='ltr'><strong><em>bello</em></strong></span> <span class='ocrx_word' id='word_1_87' title='bbox 881 1291 992 1355; x_wconf 85' lang='lat' dir='ltr'><strong><em>omnio</em></strong></span> <span class='ocrx_word' id='word_1_88' title='bbox 1008 1290 1174 1354; x_wconf 81' lang='lat' dir='ltr'><strong><em>orientur.</em></strong></span> <span class='ocrx_word' id='word_1_89' title='bbox 1261 1281 1266 1289; x_wconf 54' lang='lat'>⁴</span> 
     </span>
     <span class='ocr_line' id='line_1_12' title="bbox 93 1387 1328 1474; baseline -0.002 -18"><span class='ocrx_word' id='word_1_90' title='bbox 93 1400 170 1452; x_wconf 83' lang='lat' dir='ltr'><strong><em>vm.</em></strong></span> <span class='ocrx_word' id='word_1_91' title='bbox 298 1389 341 1460; x_wconf 83' lang='lat'><strong><em>17</em></strong></span> <span class='ocrx_word' id='word_1_92' title='bbox 369 1389 462 1468; x_wconf 86' lang='lat' dir='ltr'><strong><em>Quod</em></strong></span> <span class='ocrx_word' id='word_1_93' title='bbox 479 1411 554 1455; x_wconf 77' lang='lat' dir='ltr'><strong><em>uero</em></strong></span> <span class='ocrx_word' id='word_1_94' title='bbox 568 1389 667 1456; x_wconf 84' lang='lat' dir='ltr'><strong><em>Petro</em></strong></span> <span class='ocrx_word' id='word_1_95' title='bbox 683 1389 800 1457; x_wconf 86' lang='lat' dir='ltr'><strong><em>dictum</em></strong></span> <span class='ocrx_word' id='word_1_96' title='bbox 817 1396 874 1466; x_wconf 88' lang='lat' dir='ltr'><strong><em>est,</em></strong></span> <span class='ocrx_word' id='word_1_97' title='bbox 896 1390 964 1470; x_wconf 82' lang='lat' dir='ltr'><strong><em>Qui</em></strong></span> <span class='ocrx_word' id='word_1_98' title='bbox 978 1389 1094 1474; x_wconf 74' lang='lat' dir='ltr'><strong><em>plodio</em></strong></span> <span class='ocrx_word' id='word_1_99' title='bbox 1098 1389 1196 1473; x_wconf 85' lang='lat' dir='ltr'><strong><em>serit,</em></strong></span> <span class='ocrx_word' id='word_1_100' title='bbox 1212 1387 1328 1474; x_wconf 72' lang='lat' dir='ltr'><strong><em>plodio</em></strong></span> 
     </span>
     <span class='ocr_line' id='line_1_13' title="bbox 215 1483 1330 1576; baseline -0.001 -22"><span class='ocrx_word' id='word_1_101' title='bbox 215 1491 349 1576; x_wconf 75' lang='lat' dir='ltr'><strong><em>peribit,</em></strong></span> <span class='ocrx_word' id='word_1_102' title='bbox 378 1510 448 1554; x_wconf 88' lang='lat' dir='ltr'><strong><em>oum</em></strong></span> <span class='ocrx_word' id='word_1_103' title='bbox 477 1509 540 1554; x_wconf 93' lang='lat' dir='ltr'><strong><em>non</em></strong></span> <span class='ocrx_word' id='word_1_104' title='bbox 564 1488 606 1555; x_wconf 84' lang='lat' dir='ltr'><strong><em>ad</em></strong></span> <span class='ocrx_word' id='word_1_105' title='bbox 632 1489 746 1556; x_wconf 87' lang='lat' dir='ltr'><strong><em>bellum</em></strong></span> <span class='ocrx_word' id='word_1_106' title='bbox 776 1488 980 1555; x_wconf 88' lang='lat' dir='ltr'><strong><em>communiter</em></strong></span> <span class='ocrx_word' id='word_1_107' title='bbox 998 1495 1183 1574; x_wconf 86' lang='lat' dir='ltr'><strong><em>spectatum,</em></strong></span> <span class='ocrx_word' id='word_1_108' title='bbox 1208 1485 1268 1553; x_wconf 86' lang='lat' dir='ltr'><strong><em>sed</em></strong></span> <span class='ocrx_word' id='word_1_109' title='bbox 1287 1483 1330 1553; x_wconf 78' lang='lat' dir='ltr'><strong><em>ad</em></strong></span> 
     </span>
     <span class='ocr_line' id='line_1_14' title="bbox 220 1584 1330 1676; baseline -0.003 -21"><span class='ocrx_word' id='word_1_110' title='bbox 220 1588 335 1655; x_wconf 91' lang='lat' dir='ltr'><strong><em>bellum</em></strong></span> <span class='ocrx_word' id='word_1_111' title='bbox 350 1587 509 1676; x_wconf 82' lang='lat' dir='ltr'><strong><em>privatum</em></strong></span> <span class='ocrx_word' id='word_1_112' title='bbox 526 1587 653 1676; x_wconf 81' lang='lat' dir='ltr'><strong><em>proprie</em></strong></span> <span class='ocrx_word' id='word_1_113' title='bbox 668 1589 824 1676; x_wconf 80' lang='lat' dir='ltr'><strong><em>pertineat</em></strong></span> <span class='ocrx_word' id='word_1_114' title='bbox 843 1591 930 1672; x_wconf 90' lang='lat' dir='ltr'><strong><em>(nam</em></strong></span> <span class='ocrx_word' id='word_1_115' title='bbox 948 1597 982 1653; x_wconf 89' lang='lat' dir='ltr'><strong><em>et</em></strong></span> <span class='ocrx_word' id='word_1_116' title='bbox 999 1584 1144 1654; x_wconf 85' lang='lat' dir='ltr'><strong><em>Christus</em></strong></span> <span class='ocrx_word' id='word_1_117' title='bbox 1166 1586 1236 1675; x_wconf 88' lang='lat' dir='ltr'><strong><em>ipse</em></strong></span> <span class='ocrx_word' id='word_1_118' title='bbox 1250 1585 1330 1652; x_wconf 89' lang='lat' dir='ltr'><strong><em>inhi-</em></strong></span> 
     </span>
     <span class='ocr_line' id='line_1_15' title="bbox 219 1686 1331 1778; baseline -0.002 -23"><span class='ocrx_word' id='word_1_119' title='bbox 219 1687 295 1755; x_wconf 87' lang='lat' dir='ltr'><strong><em>bitso</em></strong></span> <span class='ocrx_word' id='word_1_120' title='bbox 309 1696 366 1756; x_wconf 85' lang='lat' dir='ltr'><strong><em>aut</em></strong></span> <span class='ocrx_word' id='word_1_121' title='bbox 381 1688 533 1778; x_wconf 73' lang='lat' dir='ltr'><strong><em>neglectio</em></strong></span> <span class='ocrx_word' id='word_1_122' title='bbox 549 1687 737 1755; x_wconf 85' lang='lat' dir='ltr'><strong><em>defensionis</em></strong></span> <span class='ocrx_word' id='word_1_123' title='bbox 761 1689 843 1755; x_wconf 89' lang='lat' dir='ltr'><strong><em>hane</em></strong></span> <span class='ocrx_word' id='word_1_124' title='bbox 867 1686 975 1754; x_wconf 78' lang='lat' dir='ltr'><strong><em>reddit</em></strong></span> <span class='ocrx_word' id='word_1_125' title='bbox 996 1707 1132 1765; x_wconf 73' lang='lat' dir='ltr'><strong><em>eausam,</em></strong></span> <span class='ocrx_word' id='word_1_126' title='bbox 1155 1686 1243 1775; x_wconf 88' lang='lat' dir='ltr'><strong><em>qued</em></strong></span> <span class='ocrx_word' id='word_1_127' title='bbox 1256 1708 1331 1776; x_wconf 84' lang='lat' dir='ltr'><strong><em>reg-</em></strong></span> 
     </span>
     <span class='ocr_line' id='line_1_16' title="bbox 218 1785 1332 1873; baseline 0.002 -19"><span class='ocrx_word' id='word_1_128' title='bbox 218 1809 293 1856; x_wconf 90' lang='lat' dir='ltr'><strong><em>num</em></strong></span> <span class='ocrx_word' id='word_1_129' title='bbox 310 1811 401 1856; x_wconf 84' lang='lat' dir='ltr'><strong><em>suum</em></strong></span> <span class='ocrx_word' id='word_1_130' title='bbox 417 1790 459 1856; x_wconf 88' lang='lat' dir='ltr'><strong><em>ds</em></strong></span> <span class='ocrx_word' id='word_1_131' title='bbox 472 1789 532 1855; x_wconf 91' lang='lat' dir='ltr'><strong><em>hoe</em></strong></span> <span class='ocrx_word' id='word_1_132' title='bbox 548 1789 665 1856; x_wconf 91' lang='lat' dir='ltr'><strong><em>mundo</em></strong></span> <span class='ocrx_word' id='word_1_133' title='bbox 681 1810 744 1855; x_wconf 93' lang='lat' dir='ltr'><strong><em>non</em></strong></span> <span class='ocrx_word' id='word_1_134' title='bbox 760 1795 853 1868; x_wconf 87' lang='lat' dir='ltr'><strong><em>esset,</em></strong></span> <span class='ocrx_word' id='word_1_135' title='bbox 882 1788 978 1854; x_wconf 83' lang='lat' dir='ltr'><strong><em>Joan.</em></strong></span> <span class='ocrx_word' id='word_1_136' title='bbox 995 1785 1080 1855; x_wconf 75' lang='lat' dir='ltr'><strong><em>xviii.</em></strong></span> <span class='ocrx_word' id='word_1_137' title='bbox 1096 1788 1156 1873; x_wconf 87' lang='lat'><strong><em>36)</em></strong></span> <span class='ocrx_word' id='word_1_138' title='bbox 1181 1809 1241 1856; x_wconf 87' lang='lat' dir='ltr'><strong><em>suo</em></strong></span> <span class='ocrx_word' id='word_1_139' title='bbox 1262 1786 1332 1856; x_wconf 81' lang='lat' dir='ltr'><strong><em>loeo</em></strong></span> 
     </span>
     <span class='ocr_line' id='line_1_17' title="bbox 218 1887 600 1978; baseline 0.003 -23"><span class='ocrx_word' id='word_1_140' title='bbox 218 1887 334 1956; x_wconf 84' lang='lat' dir='ltr'><strong><em>rectius</em></strong></span> <span class='ocrx_word' id='word_1_141' title='bbox 347 1888 600 1978; x_wconf 74' lang='lat' dir='ltr'><strong><em>pertractabitur.</em></strong></span> 
     </span>
     <span class='ocr_line' id='line_1_18' title="bbox 294 1984 1333 2079; baseline 0 -23"><span class='ocrx_word' id='word_1_142' title='bbox 294 1990 354 2057; x_wconf 81' lang='lat' dir='ltr'><strong><em>tx.</em></strong></span> <span class='ocrx_word' id='word_1_143' title='bbox 383 1991 402 2056; x_wconf 90' lang='lat'>1</span> <span class='ocrx_word' id='word_1_144' title='bbox 439 1988 570 2069; x_wconf 85' lang='lat' dir='ltr'><strong><em>Quoties</em></strong></span> <span class='ocrx_word' id='word_1_145' title='bbox 595 1988 635 2056; x_wconf 88' lang='lat' dir='ltr'><strong><em>de</em></strong></span> <span class='ocrx_word' id='word_1_146' title='bbox 660 1987 768 2078; x_wconf 86' lang='lat' dir='ltr'><strong><em>scripti</em></strong></span> <span class='ocrx_word' id='word_1_147' title='bbox 794 2011 888 2056; x_wconf 90' lang='lat' dir='ltr'><strong><em>sensu</em></strong></span> <span class='ocrx_word' id='word_1_148' title='bbox 912 1985 1075 2076; x_wconf 77' lang='lat' dir='ltr'><strong><em>quaeritur,</em></strong></span> <span class='ocrx_word' id='word_1_149' title='bbox 1100 2009 1251 2079; x_wconf 81' lang='lat' dir='ltr'><strong><em>magnam</em></strong></span> <span class='ocrx_word' id='word_1_150' title='bbox 1267 1984 1333 2056; x_wconf 75' lang='lat' dir='ltr'><strong><em>vim</em></strong></span> 
     </span>
     <span class='ocr_line' id='line_1_19' title="bbox 218 2087 1334 2177; baseline 0.002 -21"><span class='ocrx_word' id='word_1_151' title='bbox 218 2087 337 2157; x_wconf 84' lang='lat' dir='ltr'><strong><em>habere</em></strong></span> <span class='ocrx_word' id='word_1_152' title='bbox 363 2087 444 2157; x_wconf 87' lang='lat' dir='ltr'><strong><em>solat</em></strong></span> <span class='ocrx_word' id='word_1_153' title='bbox 470 2099 538 2156; x_wconf 90' lang='lat' dir='ltr'><strong><em>tum</em></strong></span> <span class='ocrx_word' id='word_1_154' title='bbox 565 2111 640 2156; x_wconf 88' lang='lat' dir='ltr'><strong><em>usus</em></strong></span> <span class='ocrx_word' id='word_1_155' title='bbox 666 2109 809 2177; x_wconf 87' lang='lat' dir='ltr'><strong><em>sequens,</em></strong></span> <span class='ocrx_word' id='word_1_156' title='bbox 833 2099 901 2156; x_wconf 90' lang='lat' dir='ltr'><strong><em>tum</em></strong></span> <span class='ocrx_word' id='word_1_157' title='bbox 918 2089 1108 2177; x_wconf 84' lang='lat' dir='ltr'><strong><em>prudentum</em></strong></span> <span class='ocrx_word' id='word_1_158' title='bbox 1131 2087 1334 2158; x_wconf 76' lang='lat' dir='ltr'><strong><em>auotoritas:</em></strong></span> 
     </span>
     <span class='ocr_line' id='line_1_20' title="bbox 218 2188 1334 2278; baseline 0.001 -23"><span class='ocrx_word' id='word_1_159' title='bbox 218 2189 303 2277; x_wconf 89' lang='lat' dir='ltr'><strong><em>quod</em></strong></span> <span class='ocrx_word' id='word_1_160' title='bbox 329 2190 425 2257; x_wconf 89' lang='lat' dir='ltr'><strong><em>etiam</em></strong></span> <span class='ocrx_word' id='word_1_161' title='bbox 455 2189 488 2256; x_wconf 94' lang='lat' dir='ltr'><strong><em>in</em></strong></span> <span class='ocrx_word' id='word_1_162' title='bbox 514 2188 627 2256; x_wconf 83' lang='lat' dir='ltr'><strong><em>divinis</em></strong></span> <span class='ocrx_word' id='word_1_163' title='bbox 647 2188 772 2277; x_wconf 83' lang='lat' dir='ltr'><strong><em>seriptis</em></strong></span> <span class='ocrx_word' id='word_1_164' title='bbox 791 2188 983 2278; x_wconf 83' lang='lat' dir='ltr'><strong><em>sequendum</em></strong></span> <span class='ocrx_word' id='word_1_165' title='bbox 1005 2196 1062 2256; x_wconf 75' lang='lat' dir='ltr'><strong><em>osb</em></strong></span> <span class='ocrx_word' id='word_1_166' title='bbox 1115 2188 1230 2278; x_wconf 84' lang='lat' dir='ltr'><strong><em>Neque</em></strong></span> <span class='ocrx_word' id='word_1_167' title='bbox 1246 2188 1334 2256; x_wconf 86' lang='lat' dir='ltr'><strong><em>enim</em></strong></span> 
     </span>
     <span class='ocr_line' id='line_1_21' title="bbox 218 2287 1335 2378; baseline 0.001 -22"><span class='ocrx_word' id='word_1_168' title='bbox 218 2289 380 2378; x_wconf 82' lang='lat' dir='ltr'><strong><em>probabile</em></strong></span> <span class='ocrx_word' id='word_1_169' title='bbox 396 2299 456 2369; x_wconf 87' lang='lat' dir='ltr'><strong><em>est,</em></strong></span> <span class='ocrx_word' id='word_1_170' title='bbox 471 2288 633 2368; x_wconf 75' lang='lat' dir='ltr'><strong><em>Ecclesiae,</em></strong></span> <span class='ocrx_word' id='word_1_171' title='bbox 649 2312 719 2376; x_wconf 73' lang='lat' dir='ltr'><strong><em>quae</em></strong></span> <span class='ocrx_word' id='word_1_172' title='bbox 735 2289 777 2356; x_wconf 92' lang='lat' dir='ltr'><strong><em>ab</em></strong></span> <span class='ocrx_word' id='word_1_173' title='bbox 794 2287 953 2378; x_wconf 81' lang='lat' dir='ltr'><strong><em>Apostolis</em></strong></span> <span class='ocrx_word' id='word_1_174' title='bbox 973 2287 1150 2357; x_wconf 85' lang='lat' dir='ltr'><strong><em>eonstitntae</em></strong></span> <span class='ocrx_word' id='word_1_175' title='bbox 1167 2297 1253 2370; x_wconf 83' lang='lat' dir='ltr'><strong><em>sunt,</em></strong></span> <span class='ocrx_word' id='word_1_176' title='bbox 1274 2297 1335 2358; x_wconf 85' lang='lat' dir='ltr'><strong><em>aut</em></strong></span> 
     </span>
     <span class='ocr_line' id='line_1_22' title="bbox 218 2388 1333 2479; baseline 0.002 -23"><span class='ocrx_word' id='word_1_177' title='bbox 218 2389 333 2469; x_wconf 82' lang='lat' dir='ltr'><strong><em>subito,</em></strong></span> <span class='ocrx_word' id='word_1_178' title='bbox 349 2399 406 2458; x_wconf 88' lang='lat' dir='ltr'><strong><em>aut</em></strong></span> <span class='ocrx_word' id='word_1_179' title='bbox 422 2412 530 2457; x_wconf 75' lang='lat' dir='ltr'><strong><em>omnes</em></strong></span> <span class='ocrx_word' id='word_1_180' title='bbox 544 2388 694 2456; x_wconf 79' lang='lat' dir='ltr'><strong><em>deiecisse</em></strong></span> <span class='ocrx_word' id='word_1_181' title='bbox 716 2390 758 2456; x_wconf 87' lang='lat' dir='ltr'><strong><em>ab</em></strong></span> <span class='ocrx_word' id='word_1_182' title='bbox 779 2389 826 2469; x_wconf 89' lang='lat' dir='ltr'><strong><em>iis,</em></strong></span> <span class='ocrx_word' id='word_1_183' title='bbox 852 2409 924 2476; x_wconf 83' lang='lat' dir='ltr'><strong><em>quoe</em></strong></span> <span class='ocrx_word' id='word_1_184' title='bbox 942 2388 1084 2478; x_wconf 79' lang='lat' dir='ltr'><strong><em>Apostoli</em></strong></span> <span class='ocrx_word' id='word_1_185' title='bbox 1100 2388 1246 2458; x_wconf 81' lang='lat' dir='ltr'><strong><em>breuiter</em></strong></span> <span class='ocrx_word' id='word_1_186' title='bbox 1256 2411 1333 2479; x_wconf 83' lang='lat' dir='ltr'><strong><em>per-</em></strong></span> 
     </span>
     <span class='ocr_line' id='line_1_23' title="bbox 217 2488 1334 2578; baseline 0.003 -23"><span class='ocrx_word' id='word_1_187' title='bbox 217 2489 335 2578; x_wconf 86' lang='lat' dir='ltr'><strong><em>scripta</em></strong></span> <span class='ocrx_word' id='word_1_188' title='bbox 359 2512 415 2558; x_wconf 84' lang='lat' dir='ltr'><strong><em>oro</em></strong></span> <span class='ocrx_word' id='word_1_189' title='bbox 436 2488 596 2556; x_wconf 81' lang='lat' dir='ltr'><strong><em>liberalius</em></strong></span> <span class='ocrx_word' id='word_1_190' title='bbox 616 2488 858 2577; x_wconf 77' lang='lat' dir='ltr'><strong><em>explicaverunt,</em></strong></span> <span class='ocrx_word' id='word_1_191' title='bbox 884 2490 1055 2556; x_wconf 88' lang='lat' dir='ltr'><strong><em>autetiam</em></strong></span> <span class='ocrx_word' id='word_1_192' title='bbox 1071 2488 1105 2554; x_wconf 92' lang='lat' dir='ltr'><strong><em>in</em></strong></span> <span class='ocrx_word' id='word_1_193' title='bbox 1122 2511 1212 2562; x_wconf 85' lang='lat' dir='ltr'><strong><em>usum</em></strong></span> <span class='ocrx_word' id='word_1_194' title='bbox 1229 2489 1334 2558; x_wconf 84' lang='lat' dir='ltr'><strong><em>intro·</em></strong></span> 
     </span>
     <span class='ocr_line' id='line_1_24' title="bbox 217 2587 1335 2680; baseline 0.004 -25"><span class='ocrx_word' id='word_1_195' title='bbox 217 2588 386 2658; x_wconf 81' lang='lat' dir='ltr'><strong><em>duxerant.</em></strong></span> <span class='ocrx_word' id='word_1_196' title='bbox 439 2588 549 2656; x_wconf 88' lang='lat' dir='ltr'><strong><em>Solent</em></strong></span> <span class='ocrx_word' id='word_1_197' title='bbox 571 2598 676 2656; x_wconf 88' lang='lat' dir='ltr'><strong><em>autem</em></strong></span> <span class='ocrx_word' id='word_1_198' title='bbox 699 2590 741 2656; x_wconf 93' lang='lat' dir='ltr'><strong><em>ab</em></strong></span> <span class='ocrx_word' id='word_1_199' title='bbox 766 2589 804 2656; x_wconf 91' lang='lat' dir='ltr'><strong><em>iis</em></strong></span> <span class='ocrx_word' id='word_1_200' title='bbox 824 2588 878 2677; x_wconf 88' lang='lat' dir='ltr'><strong><em>qui</em></strong></span> <span class='ocrx_word' id='word_1_201' title='bbox 895 2587 979 2656; x_wconf 87' lang='lat' dir='ltr'><strong><em>bella</em></strong></span> <span class='ocrx_word' id='word_1_202' title='bbox 994 2588 1182 2680; x_wconf 78' lang='lat' dir='ltr'><strong><em>impugnant</em></strong></span> <span class='ocrx_word' id='word_1_203' title='bbox 1209 2589 1335 2660; x_wconf 77' lang='lat' dir='ltr'><strong><em>adferri</em></strong></span> 
     </span>
    </p>
   </div>
   <div class='ocr_carea' id='block_1_4' title="bbox 215 2766 1337 2907">
    <p class='ocr_par' dir='ltr' id='par_1_4' title="bbox 215 2766 1337 2907">
     <span class='ocr_line' id='line_1_25' title="bbox 260 2766 1337 2828; baseline 0.001 -13"><span class='ocrx_word' id='word_1_204' title='bbox 260 2774 270 2800; x_wconf 86' lang='lat'>⁸</span> <span class='ocrx_word' id='word_1_205' title='bbox 283 2767 378 2815; x_wconf 80' lang='lat' dir='ltr'><strong><em>Bonum</em></strong></span> <span class='ocrx_word' id='word_1_206' title='bbox 384 2782 433 2816; x_wconf 78' lang='lat' dir='ltr'><strong><em>esse</em></strong></span> <span class='ocrx_word' id='word_1_207' title='bbox 441 2781 493 2815; x_wconf 77' lang='lat' dir='ltr'><strong><em>cuns</em></strong></span> <span class='ocrx_word' id='word_1_208' title='bbox 501 2768 632 2828; x_wconf 70' lang='lat' dir='ltr'><strong><em>poeniuntur</em></strong></span> <span class='ocrx_word' id='word_1_209' title='bbox 641 2773 748 2815; x_wconf 79' lang='lat' dir='ltr'><strong><em>noomtee</em></strong></span> <span class='ocrx_word' id='word_1_210' title='bbox 797 2767 938 2828; x_wconf 65' lang='lat' dir='ltr'><strong><em>remotaque·</em></strong></span> <span class='ocrx_word' id='word_1_211' title='bbox 952 2781 995 2815; x_wconf 81' lang='lat' dir='ltr'><strong><em>nec</em></strong></span> <span class='ocrx_word' id='word_1_212' title='bbox 1007 2767 1120 2817; x_wconf 77' lang='lat' dir='ltr'><strong><em>timna</em></strong></span> <span class='ocrx_word' id='word_1_213' title='bbox 1150 2766 1204 2815; x_wconf 84' lang='lat' dir='ltr'><strong><em>Sed</em></strong></span> <span class='ocrx_word' id='word_1_214' title='bbox 1215 2767 1294 2827; x_wconf 69' lang='lat' dir='ltr'><strong><em>satu,</em></strong></span> <span class='ocrx_word' id='word_1_215' title='bbox 1306 2769 1337 2816; x_wconf 81' lang='grc' dir='ltr'><strong><em>ιιι</em></strong></span> 
     </span>
     <span class='ocr_line' id='line_1_26' title="bbox 215 2842 1334 2907; baseline 0 -16"><span class='ocrx_word' id='word_1_216' title='bbox 215 2858 281 2891; x_wconf 79' lang='lat' dir='ltr'><strong><em>neruo</em></strong></span> <span class='ocrx_word' id='word_1_217' title='bbox 293 2844 376 2907; x_wconf 75' lang='lat' dir='ltr'><strong><em>nepot]</em></strong></span> <span class='ocrx_word' id='word_1_218' title='bbox 393 2845 462 2894; x_wconf 81' lang='lat' dir='ltr'><strong><em>Idem</em></strong></span> <span class='ocrx_word' id='word_1_219' title='bbox 473 2844 637 2892; x_wconf 75' lang='lat' dir='ltr'><strong><em>Tertullianus</em></strong></span> <span class='ocrx_word' id='word_1_220' title='bbox 647 2843 676 2890; x_wconf 82' lang='lat' dir='ltr'><strong><em>de</em></strong></span> <span class='ocrx_word' id='word_1_221' title='bbox 687 2844 746 2890; x_wconf 79' lang='lat' dir='ltr'><strong><em>Ani·</em></strong></span> <span class='ocrx_word' id='word_1_222' title='bbox 797 2857 874 2889; x_wconf 78' lang='lat' dir='ltr'><strong><em>onnes</em></strong></span> <span class='ocrx_word' id='word_1_223' title='bbox 890 2842 970 2889; x_wconf 75' lang='lat' dir='ltr'><strong><em>colcos</em></strong></span> <span class='ocrx_word' id='word_1_224' title='bbox 977 2843 1066 2904; x_wconf 76' lang='lat' dir='ltr'><strong><em>soem</em></strong></span> <span class='ocrx_word' id='word_1_225' title='bbox 1080 2844 1202 2904; x_wconf 72' lang='lat' dir='ltr'><strong><em>poesim</em></strong></span> <span class='ocrx_word' id='word_1_226' title='bbox 1216 2842 1334 2891; x_wconf 64' lang='lat' dir='ltr'><strong><em>tenendo</em></strong></span> 
     </span>
    </p>
   </div>
   <div class='ocr_carea' id='block_1_5' title="bbox 215 2915 1336 3284">
    <p class='ocr_par' dir='ltr' id='par_1_5' title="bbox 215 2915 1336 3205">
     <span class='ocr_line' id='line_1_27' title="bbox 215 2915 1334 2980; baseline 0.003 -17"><span class='ocrx_word' id='word_1_227' title='bbox 215 2931 273 2965; x_wconf 73' lang='lat' dir='ltr'><strong><em>not</em></strong></span> <span class='ocrx_word' id='word_1_228' title='bbox 292 2916 747 2980; x_wconf 75' lang='lat' dir='ltr'><strong><em>Quisnonprnserotenculijustitinm,</em></strong></span> <span class='ocrx_word' id='word_1_229' title='bbox 796 2915 983 2976; x_wconf 74' lang='grc' dir='ltr'>μήθιομαχιῖυ.</span> <span class='ocrx_word' id='word_1_230' title='bbox 1014 2917 1334 2980; x_wconf 68' lang='lat' dir='ltr'><strong><em>Pomooffiesojnruote-</em></strong></span> 
     </span>
     <span class='ocr_line' id='line_1_28' title="bbox 216 2991 1336 3054; baseline 0.004 -16"><span class='ocrx_word' id='word_1_231' title='bbox 216 3006 289 3054; x_wconf 77' lang='grc' dir='ltr'>ᾳιιαιιι</span> <span class='ocrx_word' id='word_1_232' title='bbox 304 2999 326 3041; x_wconf 84' lang='lat' dir='ltr'><strong><em>et</em></strong></span> <span class='ocrx_word' id='word_1_233' title='bbox 344 2993 476 3054; x_wconf 75' lang='lat' dir='ltr'><strong><em>Apostolus</em></strong></span> <span class='ocrx_word' id='word_1_234' title='bbox 493 3007 538 3039; x_wconf 87' lang='lat' dir='ltr'><strong><em>non</em></strong></span> <span class='ocrx_word' id='word_1_235' title='bbox 547 2993 648 3054; x_wconf 73' lang='lat' dir='ltr'><strong><em>Jiustm</em></strong></span> <span class='ocrx_word' id='word_1_236' title='bbox 664 2993 747 3053; x_wconf 74' lang='lat' dir='ltr'><strong><em>plodio</em></strong></span> <span class='ocrx_word' id='word_1_237' title='bbox 796 2991 868 3038; x_wconf 79' lang='lat' dir='ltr'><strong><em>tionis</em></strong></span> <span class='ocrx_word' id='word_1_238' title='bbox 884 2995 930 3037; x_wconf 80' lang='grc' dir='ltr'>ιιια</span> <span class='ocrx_word' id='word_1_239' title='bbox 938 2991 1025 3054; x_wconf 68' lang='lat' dir='ltr'><strong><em>junqi,</em></strong></span> <span class='ocrx_word' id='word_1_240' title='bbox 1039 2997 1062 3040; x_wconf 80' lang='lat' dir='ltr'><strong><em>et</em></strong></span> <span class='ocrx_word' id='word_1_241' title='bbox 1077 2992 1234 3041; x_wconf 65' lang='lat' dir='ltr'><strong><em>tumim</em></strong></span> <span class='ocrx_word' id='word_1_242' title='bbox 1248 2994 1336 3042; x_wconf 68' lang='lat' dir='ltr'><strong><em>mi·</em></strong></span> 
     </span>
     <span class='ocr_line' id='line_1_29' title="bbox 215 3067 1335 3132; baseline 0.004 -18"><span class='ocrx_word' id='word_1_243' title='bbox 215 3067 346 3114; x_wconf 77' lang='lat' dir='ltr'><strong><em>accinctam</em></strong></span> <span class='ocrx_word' id='word_1_244' title='bbox 364 3073 513 3125; x_wconf 80' lang='lat' dir='ltr'><strong><em>contestatur,</em></strong></span> <span class='ocrx_word' id='word_1_245' title='bbox 528 3082 583 3129; x_wconf 75' lang='lat' dir='ltr'><strong><em>quen</em></strong></span> <span class='ocrx_word' id='word_1_246' title='bbox 594 3081 641 3129; x_wconf 82' lang='lat' dir='ltr'><strong><em>pro</em></strong></span> <span class='ocrx_word' id='word_1_247' title='bbox 657 3067 748 3114; x_wconf 81' lang='lat' dir='ltr'><strong><em>homine</em></strong></span> <span class='ocrx_word' id='word_1_248' title='bbox 796 3067 866 3123; x_wconf 76' lang='lat' dir='ltr'><strong><em>nicee,</em></strong></span> <span class='ocrx_word' id='word_1_249' title='bbox 883 3067 921 3114; x_wconf 79' lang='lat' dir='ltr'><strong><em>rel</em></strong></span> <span class='ocrx_word' id='word_1_250' title='bbox 934 3069 995 3128; x_wconf 81' lang='lat' dir='ltr'><strong><em>qnia</em></strong></span> <span class='ocrx_word' id='word_1_251' title='bbox 1010 3073 1033 3117; x_wconf 80' lang='lat' dir='ltr'><strong><em>et</em></strong></span> <span class='ocrx_word' id='word_1_252' title='bbox 1049 3083 1092 3118; x_wconf 78' lang='lat' dir='ltr'><strong><em>cot</em></strong></span> <span class='ocrx_word' id='word_1_253' title='bbox 1105 3069 1149 3117; x_wconf 80' lang='lat' dir='ltr'><strong><em>cub</em></strong></span> <span class='ocrx_word' id='word_1_254' title='bbox 1163 3069 1251 3132; x_wconf 70' lang='lat' dir='ltr'><strong><em>plodio</em></strong></span> <span class='ocrx_word' id='word_1_255' title='bbox 1265 3071 1335 3119; x_wconf 74' lang='lat' dir='ltr'><strong><em>utic.</em></strong></span> 
     </span>
     <span class='ocr_line' id='line_1_30' title="bbox 215 3140 924 3205; baseline -0.004 -15"><span class='ocrx_word' id='word_1_256' title='bbox 215 3141 333 3190; x_wconf 74' lang='lat' dir='ltr'><strong><em>sariendo</em></strong></span> <span class='ocrx_word' id='word_1_257' title='bbox 343 3144 458 3205; x_wconf 77' lang='lat' dir='ltr'><strong><em>reliyioso</em></strong></span> <span class='ocrx_word' id='word_1_258' title='bbox 472 3143 527 3190; x_wconf 75' lang='lat' dir='ltr'><strong><em>est?</em></strong></span> <span class='ocrx_word' id='word_1_259' title='bbox 547 3143 620 3204; x_wconf 83' lang='lat' dir='ltr'><strong><em>(Cup.</em></strong></span> <span class='ocrx_word' id='word_1_260' title='bbox 631 3142 683 3202; x_wconf 82' lang='grc'><strong>33).</strong></span> <span class='ocrx_word' id='word_1_261' title='bbox 713 3144 748 3190; x_wconf 81' lang='lat' dir='ltr'><strong><em>Et</em></strong></span> <span class='ocrx_word' id='word_1_262' title='bbox 797 3141 875 3203; x_wconf 86' lang='lat' dir='ltr'><strong><em>(Cap.</em></strong></span> <span class='ocrx_word' id='word_1_263' title='bbox 886 3140 924 3199; x_wconf 79' lang='lat' dir='ltr'><strong><em>t).</em></strong></span> 
     </span>
    </p>

    <p class='ocr_par' dir='ltr' id='par_1_6' title="bbox 215 3216 1335 3284">
     <span class='ocr_line' id='line_1_31' title="bbox 215 3216 1335 3284; baseline 0.004 -20"><span class='ocrx_word' id='word_1_264' title='bbox 215 3216 248 3264; x_wconf 78' lang='lat' dir='ltr'><strong><em>ad</em></strong></span> <span class='ocrx_word' id='word_1_265' title='bbox 258 3216 428 3267; x_wconf 80' lang='lat' dir='ltr'><strong><em>Proconsulem</em></strong></span> <span class='ocrx_word' id='word_1_266' title='bbox 440 3218 583 3280; x_wconf 79' lang='lat' dir='ltr'><strong><em>Scapulam:</em></strong></span> <span class='ocrx_word' id='word_1_267' title='bbox 598 3216 656 3265; x_wconf 78' lang='grc' dir='ltr'>Νοιι</span> <span class='ocrx_word' id='word_1_268' title='bbox 665 3224 687 3266; x_wconf 83' lang='lat' dir='ltr'><strong><em>te</em></strong></span> <span class='ocrx_word' id='word_1_269' title='bbox 699 3222 747 3266; x_wconf 80' lang='lat' dir='ltr'><strong><em>ter·</em></strong></span> <span class='ocrx_word' id='word_1_270' title='bbox 842 3216 852 3248; x_wconf 77' lang='lat'>⁴</span> <span class='ocrx_word' id='word_1_271' title='bbox 866 3218 946 3266; x_wconf 84' lang='lat' dir='ltr'><strong><em>Locus</em></strong></span> <span class='ocrx_word' id='word_1_272' title='bbox 960 3222 999 3267; x_wconf 80' lang='lat' dir='ltr'><strong><em>est</em></strong></span> <span class='ocrx_word' id='word_1_273' title='bbox 1013 3219 1038 3267; x_wconf 90' lang='lat' dir='ltr'><strong><em>ln</em></strong></span> <span class='ocrx_word' id='word_1_274' title='bbox 1052 3219 1107 3269; x_wconf 86' lang='lat' dir='ltr'><strong><em>Lib.</em></strong></span> <span class='ocrx_word' id='word_1_275' title='bbox 1117 3219 1159 3271; x_wconf 75' lang='lat' dir='ltr'><strong><em>Dc</em></strong></span> <span class='ocrx_word' id='word_1_276' title='bbox 1172 3219 1335 3284; x_wconf 73' lang='lat' dir='ltr'><strong><em>Spectaculis,</em></strong></span> 
     </span>
    </p>
   </div>
   <div class='ocr_carea' id='block_1_6' title="bbox 211 3441 1336 4476">
    <p class='ocr_par' dir='ltr' id='par_1_7' title="bbox 211 3441 1336 3867">
     <span class='ocr_line' id='line_1_32' title="bbox 272 3441 1334 3513; baseline 0.005 -14"><span class='ocrx_word' id='word_1_277' title='bbox 272 3445 307 3502; x_wconf 78' lang='lat'><strong><em>17</em></strong></span> <span class='ocrx_word' id='word_1_278' title='bbox 326 3441 371 3513; x_wconf 88' lang='grc'><strong><em>(8)</em></strong></span> <span class='ocrx_word' id='word_1_279' title='bbox 391 3443 479 3500; x_wconf 84' lang='lat' dir='ltr'><strong><em>What</em></strong></span> <span class='ocrx_word' id='word_1_280' title='bbox 490 3459 545 3499; x_wconf 79' lang='lat' dir='ltr'><strong><em>was</em></strong></span> <span class='ocrx_word' id='word_1_281' title='bbox 556 3441 617 3498; x_wconf 85' lang='lat' dir='ltr'><strong><em>said</em></strong></span> <span class='ocrx_word' id='word_1_282' title='bbox 631 3448 662 3498; x_wconf 88' lang='grc' dir='ltr'><strong><em>ιο</em></strong></span> <span class='ocrx_word' id='word_1_283' title='bbox 677 3442 772 3507; x_wconf 86' lang='lat' dir='ltr'><strong><em>Peter,</em></strong></span> <span class='ocrx_word' id='word_1_284' title='bbox 785 3442 829 3499; x_wconf 84' lang='lat' dir='ltr'><strong><em>He</em></strong></span> <span class='ocrx_word' id='word_1_285' title='bbox 841 3443 898 3499; x_wconf 86' lang='lat' dir='ltr'><strong><em>tbot</em></strong></span> <span class='ocrx_word' id='word_1_286' title='bbox 912 3442 1017 3499; x_wconf 75' lang='lat' dir='ltr'><strong><em>emitetb</em></strong></span> <span class='ocrx_word' id='word_1_287' title='bbox 1027 3443 1093 3500; x_wconf 84' lang='lat' dir='ltr'><strong><em>witb</em></strong></span> <span class='ocrx_word' id='word_1_288' title='bbox 1104 3444 1146 3502; x_wconf 80' lang='lat' dir='ltr'><strong><em>tlte</em></strong></span> <span class='ocrx_word' id='word_1_289' title='bbox 1155 3444 1334 3504; x_wconf 70' lang='lat' dir='ltr'><strong><em>morticinii</em></strong></span> 
     </span>
     <span class='ocr_line' id='line_1_33' title="bbox 211 3529 1333 3605; baseline 0.005 -19"><span class='ocrx_word' id='word_1_290' title='bbox 211 3529 305 3605; x_wconf 77' lang='lat' dir='ltr'><strong><em>pen-ish</em></strong></span> <span class='ocrx_word' id='word_1_291' title='bbox 323 3533 387 3587; x_wconf 87' lang='lat' dir='ltr'><strong><em>witb</em></strong></span> <span class='ocrx_word' id='word_1_292' title='bbox 402 3533 442 3588; x_wconf 80' lang='lat' dir='ltr'><strong><em>tle</em></strong></span> <span class='ocrx_word' id='word_1_293' title='bbox 458 3531 556 3593; x_wconf 86' lang='lat' dir='ltr'><strong><em>snord,</em></strong></span> <span class='ocrx_word' id='word_1_294' title='bbox 577 3529 654 3585; x_wconf 84' lang='lat' dir='ltr'><strong><em>since</em></strong></span> <span class='ocrx_word' id='word_1_295' title='bbox 668 3531 691 3585; x_wconf 87' lang='lat' dir='ltr'><strong><em>it</em></strong></span> <span class='ocrx_word' id='word_1_296' title='bbox 705 3529 773 3585; x_wconf 92' lang='lat' dir='ltr'><strong><em>docs</em></strong></span> <span class='ocrx_word' id='word_1_297' title='bbox 793 3538 844 3586; x_wconf 90' lang='lat' dir='ltr'><strong><em>net</em></strong></span> <span class='ocrx_word' id='word_1_298' title='bbox 864 3529 999 3603; x_wconf 86' lang='lat' dir='ltr'><strong><em>properly</em></strong></span> <span class='ocrx_word' id='word_1_299' title='bbox 1018 3531 1094 3587; x_wconf 75' lang='lat' dir='ltr'><strong><em>refer</em></strong></span> <span class='ocrx_word' id='word_1_300' title='bbox 1113 3537 1146 3588; x_wconf 88' lang='lat' dir='ltr'><strong><em>to</em></strong></span> <span class='ocrx_word' id='word_1_301' title='bbox 1163 3549 1222 3588; x_wconf 73' lang='lat' dir='ltr'><strong><em>wan</em></strong></span> <span class='ocrx_word' id='word_1_302' title='bbox 1239 3532 1272 3589; x_wconf 91' lang='lat' dir='ltr'><strong><em>in</em></strong></span> <span class='ocrx_word' id='word_1_303' title='bbox 1293 3536 1333 3592; x_wconf 74' lang='lat' dir='ltr'><strong><em>its</em></strong></span> 
     </span>
     <span class='ocr_line' id='line_1_34' title="bbox 214 3616 1332 3692; baseline 0.003 -17"><span class='ocrx_word' id='word_1_304' title='bbox 214 3636 347 3675; x_wconf 88' lang='lat' dir='ltr'><strong><em>common</em></strong></span> <span class='ocrx_word' id='word_1_305' title='bbox 357 3626 462 3692; x_wconf 82' lang='lat' dir='ltr'><strong><em>espect,</em></strong></span> <span class='ocrx_word' id='word_1_306' title='bbox 474 3618 527 3674; x_wconf 88' lang='lat' dir='ltr'><strong><em>but</em></strong></span> <span class='ocrx_word' id='word_1_307' title='bbox 538 3623 568 3672; x_wconf 94' lang='grc' dir='ltr'><strong><em>ιο</em></strong></span> <span class='ocrx_word' id='word_1_308' title='bbox 578 3618 686 3688; x_wconf 77' lang='lat' dir='ltr'><strong><em>private</em></strong></span> <span class='ocrx_word' id='word_1_309' title='bbox 699 3635 763 3682; x_wconf 78' lang='lat' dir='ltr'><strong><em>war,</em></strong></span> <span class='ocrx_word' id='word_1_310' title='bbox 778 3616 837 3684; x_wconf 84' lang='lat' dir='ltr'><strong><em>(lor</em></strong></span> <span class='ocrx_word' id='word_1_311' title='bbox 848 3616 942 3673; x_wconf 82' lang='lat' dir='ltr'><strong><em>Christ</em></strong></span> <span class='ocrx_word' id='word_1_312' title='bbox 950 3616 1066 3673; x_wconf 83' lang='lat' dir='ltr'><strong><em>himself</em></strong></span> <span class='ocrx_word' id='word_1_313' title='bbox 1074 3617 1215 3691; x_wconf 79' lang='lat' dir='ltr'><strong><em>givesthis</em></strong></span> <span class='ocrx_word' id='word_1_314' title='bbox 1225 3636 1332 3678; x_wconf 73' lang='lat' dir='ltr'><strong><em>meson</em></strong></span> 
     </span>
     <span class='ocr_line' id='line_1_35' title="bbox 214 3703 1336 3779; baseline 0.004 -17"><span class='ocrx_word' id='word_1_315' title='bbox 214 3707 263 3762; x_wconf 85' lang='lat' dir='ltr'><strong><em>for</em></strong></span> <span class='ocrx_word' id='word_1_316' title='bbox 277 3706 451 3779; x_wconf 85' lang='lat' dir='ltr'><strong><em>prohibiting</em></strong></span> <span class='ocrx_word' id='word_1_317' title='bbox 465 3722 499 3761; x_wconf 86' lang='lat' dir='ltr'><strong><em>or</em></strong></span> <span class='ocrx_word' id='word_1_318' title='bbox 509 3703 670 3775; x_wconf 77' lang='lat' dir='ltr'><strong><em>neglecting</em></strong></span> <span class='ocrx_word' id='word_1_319' title='bbox 682 3703 725 3759; x_wconf 89' lang='lat' dir='ltr'><strong><em>his</em></strong></span> <span class='ocrx_word' id='word_1_320' title='bbox 737 3705 865 3769; x_wconf 78' lang='lat' dir='ltr'><strong><em>dolenen,</em></strong></span> <span class='ocrx_word' id='word_1_321' title='bbox 880 3704 944 3758; x_wconf 89' lang='lat' dir='ltr'><strong><em>that</em></strong></span> <span class='ocrx_word' id='word_1_322' title='bbox 957 3703 1001 3759; x_wconf 86' lang='lat' dir='ltr'><strong><em>his</em></strong></span> <span class='ocrx_word' id='word_1_323' title='bbox 1016 3705 1152 3777; x_wconf 78' lang='lat' dir='ltr'><strong><em>kingdom</em></strong></span> <span class='ocrx_word' id='word_1_324' title='bbox 1163 3723 1219 3762; x_wconf 70' lang='lat' dir='ltr'><strong><em>vus</em></strong></span> <span class='ocrx_word' id='word_1_325' title='bbox 1231 3715 1286 3765; x_wconf 85' lang='lat' dir='ltr'><strong><em>not</em></strong></span> <span class='ocrx_word' id='word_1_326' title='bbox 1300 3709 1336 3766; x_wconf 75' lang='lat' dir='ltr'><strong><em>of</em></strong></span> 
     </span>
     <span class='ocr_line' id='line_1_36' title="bbox 215 3789 1284 3867; baseline 0.003 -19"><span class='ocrx_word' id='word_1_327' title='bbox 215 3792 273 3848; x_wconf 83' lang='lat' dir='ltr'><strong><em>this</em></strong></span> <span class='ocrx_word' id='word_1_328' title='bbox 288 3794 384 3861; x_wconf 81' lang='lat' dir='ltr'><strong><em>world,</em></strong></span> <span class='ocrx_word' id='word_1_329' title='bbox 398 3794 463 3850; x_wconf 76' lang='grc' dir='ltr'><strong><em>ιῐοιι.</em></strong></span> <span class='ocrx_word' id='word_1_330' title='bbox 477 3792 551 3847; x_wconf 78' lang='lat' dir='ltr'><strong><em>xciii.</em></strong></span> <span class='ocrx_word' id='word_1_331' title='bbox 568 3789 624 3855; x_wconf 83' lang='grc'>36,)</span> <span class='ocrx_word' id='word_1_332' title='bbox 637 3790 693 3844; x_wconf 78' lang='lat' dir='ltr'><strong><em>will</em></strong></span> <span class='ocrx_word' id='word_1_333' title='bbox 708 3791 744 3846; x_wconf 90' lang='lat' dir='ltr'><strong><em>be</em></strong></span> <span class='ocrx_word' id='word_1_334' title='bbox 756 3791 850 3847; x_wconf 87' lang='lat' dir='ltr'><strong><em>better</em></strong></span> <span class='ocrx_word' id='word_1_335' title='bbox 864 3790 1007 3846; x_wconf 87' lang='lat' dir='ltr'><strong><em>discussed</em></strong></span> <span class='ocrx_word' id='word_1_336' title='bbox 1020 3793 1050 3847; x_wconf 91' lang='lat' dir='ltr'><strong><em>in</em></strong></span> <span class='ocrx_word' id='word_1_337' title='bbox 1065 3794 1101 3848; x_wconf 87' lang='lat' dir='ltr'><strong><em>its</em></strong></span> <span class='ocrx_word' id='word_1_338' title='bbox 1115 3810 1178 3849; x_wconf 75' lang='lat' dir='ltr'><strong><em>own</em></strong></span> <span class='ocrx_word' id='word_1_339' title='bbox 1190 3793 1284 3867; x_wconf 88' lang='lat' dir='ltr'><strong><em>place.</em></strong></span> 
     </span>
    </p>

    <p class='ocr_par' dir='ltr' id='par_1_8' title="bbox 213 3875 1332 4476">
     <span class='ocr_line' id='line_1_37' title="bbox 270 3875 1332 3956; baseline 0.007 -22"><span class='ocrx_word' id='word_1_340' title='bbox 270 3878 324 3934; x_wconf 84' lang='lat' dir='ltr'><strong><em>IX.</em></strong></span> <span class='ocrx_word' id='word_1_341' title='bbox 358 3888 372 3936; x_wconf 94' lang='lat'>1</span> <span class='ocrx_word' id='word_1_342' title='bbox 397 3881 489 3936; x_wconf 87' lang='lat' dir='ltr'><strong><em>When</em></strong></span> <span class='ocrx_word' id='word_1_343' title='bbox 501 3894 543 3933; x_wconf 77' lang='lat' dir='ltr'><strong><em>we</em></strong></span> <span class='ocrx_word' id='word_1_344' title='bbox 555 3875 626 3931; x_wconf 79' lang='lat' dir='ltr'><strong><em>have</em></strong></span> <span class='ocrx_word' id='word_1_345' title='bbox 639 3883 669 3932; x_wconf 92' lang='grc' dir='ltr'><strong><em>ιο</em></strong></span> <span class='ocrx_word' id='word_1_346' title='bbox 682 3878 791 3950; x_wconf 86' lang='lat' dir='ltr'><strong><em>inquire</em></strong></span> <span class='ocrx_word' id='word_1_347' title='bbox 806 3880 866 3935; x_wconf 88' lang='lat' dir='ltr'><strong><em>into</em></strong></span> <span class='ocrx_word' id='word_1_348' title='bbox 882 3877 930 3933; x_wconf 88' lang='lat' dir='ltr'><strong><em>the</em></strong></span> <span class='ocrx_word' id='word_1_349' title='bbox 943 3895 1024 3934; x_wconf 88' lang='lat' dir='ltr'><strong><em>sense</em></strong></span> <span class='ocrx_word' id='word_1_350' title='bbox 1039 3879 1073 3936; x_wconf 79' lang='lat' dir='ltr'><strong><em>oi</em></strong></span> <span class='ocrx_word' id='word_1_351' title='bbox 1085 3896 1141 3954; x_wconf 87' lang='lat' dir='ltr'><strong><em>any</em></strong></span> <span class='ocrx_word' id='word_1_352' title='bbox 1152 3881 1274 3956; x_wconf 80' lang='lat' dir='ltr'><strong><em>writing,</em></strong></span> <span class='ocrx_word' id='word_1_353' title='bbox 1287 3900 1332 3942; x_wconf 79' lang='lat' dir='ltr'><strong><em>we</em></strong></span> 
     </span>
     <span class='ocr_line' id='line_1_38' title="bbox 214 3963 1332 4041; baseline 0.006 -20"><span class='ocrx_word' id='word_1_354' title='bbox 214 3966 376 4039; x_wconf 83' lang='lat' dir='ltr'><strong><em>commonly</em></strong></span> <span class='ocrx_word' id='word_1_355' title='bbox 391 3968 482 4040; x_wconf 80' lang='lat' dir='ltr'><strong><em>assign</em></strong></span> <span class='ocrx_word' id='word_1_356' title='bbox 494 3969 575 4038; x_wconf 82' lang='lat' dir='ltr'><strong><em>great</em></strong></span> <span class='ocrx_word' id='word_1_357' title='bbox 595 3963 698 4036; x_wconf 76' lang='lat' dir='ltr'><strong><em>neight</em></strong></span> <span class='ocrx_word' id='word_1_358' title='bbox 716 3965 787 4021; x_wconf 90' lang='lat' dir='ltr'><strong><em>both</em></strong></span> <span class='ocrx_word' id='word_1_359' title='bbox 807 3974 838 4022; x_wconf 90' lang='lat' dir='ltr'><strong><em>to</em></strong></span> <span class='ocrx_word' id='word_1_360' title='bbox 857 3964 1030 4037; x_wconf 85' lang='lat' dir='ltr'><strong><em>subsequcnt</em></strong></span> <span class='ocrx_word' id='word_1_361' title='bbox 1051 3985 1146 4041; x_wconf 84' lang='lat' dir='ltr'><strong><em>usage,</em></strong></span> <span class='ocrx_word' id='word_1_362' title='bbox 1160 3968 1218 4025; x_wconf 85' lang='lat' dir='ltr'><strong><em>end</em></strong></span> <span class='ocrx_word' id='word_1_363' title='bbox 1233 3976 1264 4025; x_wconf 91' lang='grc' dir='ltr'>ιο</span> <span class='ocrx_word' id='word_1_364' title='bbox 1279 3969 1332 4029; x_wconf 84' lang='lat' dir='ltr'><strong><em>the</em></strong></span> 
     </span>
     <span class='ocr_line' id='line_1_39' title="bbox 213 4051 1331 4125; baseline 0.006 -18"><span class='ocrx_word' id='word_1_365' title='bbox 213 4051 359 4125; x_wconf 79' lang='lat' dir='ltr'><strong><em>authority</em></strong></span> <span class='ocrx_word' id='word_1_366' title='bbox 368 4055 401 4108; x_wconf 84' lang='lat' dir='ltr'><strong><em>of</em></strong></span> <span class='ocrx_word' id='word_1_367' title='bbox 409 4054 457 4110; x_wconf 81' lang='lat' dir='ltr'><strong><em>tlie</em></strong></span> <span class='ocrx_word' id='word_1_368' title='bbox 466 4051 597 4108; x_wconf 84' lang='lat' dir='ltr'><strong><em>learned:</em></strong></span> <span class='ocrx_word' id='word_1_369' title='bbox 614 4051 669 4105; x_wconf 88' lang='lat' dir='ltr'><strong><em>and</em></strong></span> <span class='ocrx_word' id='word_1_370' title='bbox 679 4051 734 4108; x_wconf 85' lang='lat' dir='ltr'><strong><em>this</em></strong></span> <span class='ocrx_word' id='word_1_371' title='bbox 743 4054 766 4108; x_wconf 88' lang='lat' dir='ltr'><strong><em>is</em></strong></span> <span class='ocrx_word' id='word_1_372' title='bbox 780 4061 810 4109; x_wconf 90' lang='lat' dir='ltr'><strong><em>to</em></strong></span> <span class='ocrx_word' id='word_1_373' title='bbox 820 4053 856 4109; x_wconf 90' lang='lat' dir='ltr'><strong><em>be</em></strong></span> <span class='ocrx_word' id='word_1_374' title='bbox 868 4051 1004 4108; x_wconf 82' lang='lat' dir='ltr'><strong><em>ottendcd</em></strong></span> <span class='ocrx_word' id='word_1_375' title='bbox 1014 4061 1044 4110; x_wconf 88' lang='lat' dir='ltr'><strong><em>to</em></strong></span> <span class='ocrx_word' id='word_1_376' title='bbox 1059 4056 1120 4112; x_wconf 87' lang='lat' dir='ltr'><strong><em>also</em></strong></span> <span class='ocrx_word' id='word_1_377' title='bbox 1129 4056 1160 4111; x_wconf 90' lang='lat' dir='ltr'><strong><em>in</em></strong></span> <span class='ocrx_word' id='word_1_378' title='bbox 1171 4055 1220 4112; x_wconf 87' lang='lat' dir='ltr'><strong><em>the</em></strong></span> <span class='ocrx_word' id='word_1_379' title='bbox 1229 4058 1331 4114; x_wconf 86' lang='lat' dir='ltr'><strong><em>sacred</em></strong></span> 
     </span>
     <span class='ocr_line' id='line_1_40' title="bbox 215 4138 1332 4211; baseline 0.008 -19"><span class='ocrx_word' id='word_1_380' title='bbox 215 4138 349 4211; x_wconf 81' lang='lat' dir='ltr'><strong><em>writings.</em></strong></span> <span class='ocrx_word' id='word_1_381' title='bbox 383 4141 440 4195; x_wconf 88' lang='lat' dir='ltr'><strong><em>For</em></strong></span> <span class='ocrx_word' id='word_1_382' title='bbox 455 4141 477 4194; x_wconf 91' lang='lat' dir='ltr'><strong><em>it</em></strong></span> <span class='ocrx_word' id='word_1_383' title='bbox 495 4141 518 4194; x_wconf 86' lang='lat' dir='ltr'><strong><em>is</em></strong></span> <span class='ocrx_word' id='word_1_384' title='bbox 533 4145 583 4192; x_wconf 92' lang='lat' dir='ltr'><strong><em>not</em></strong></span> <span class='ocrx_word' id='word_1_385' title='bbox 598 4139 735 4210; x_wconf 84' lang='lat' dir='ltr'><strong><em>probablo</em></strong></span> <span class='ocrx_word' id='word_1_386' title='bbox 751 4140 815 4196; x_wconf 86' lang='lat' dir='ltr'><strong><em>that</em></strong></span> <span class='ocrx_word' id='word_1_387' title='bbox 835 4141 884 4195; x_wconf 88' lang='lat' dir='ltr'><strong><em>the</em></strong></span> <span class='ocrx_word' id='word_1_388' title='bbox 900 4138 1055 4207; x_wconf 86' lang='lat' dir='ltr'><strong><em>Churches,</em></strong></span> <span class='ocrx_word' id='word_1_389' title='bbox 1068 4142 1160 4199; x_wconf 82' lang='lat' dir='ltr'><strong><em>which</em></strong></span> <span class='ocrx_word' id='word_1_390' title='bbox 1172 4161 1246 4200; x_wconf 75' lang='lat' dir='ltr'><strong><em>were</em></strong></span> <span class='ocrx_word' id='word_1_391' title='bbox 1261 4160 1332 4201; x_wconf 89' lang='lat' dir='ltr'><strong><em>con·</em></strong></span> 
     </span>
     <span class='ocr_line' id='line_1_41' title="bbox 214 4224 1332 4302; baseline 0.006 -21"><span class='ocrx_word' id='word_1_392' title='bbox 214 4226 334 4281; x_wconf 89' lang='lat' dir='ltr'><strong><em>stitutcd</em></strong></span> <span class='ocrx_word' id='word_1_393' title='bbox 346 4226 384 4299; x_wconf 91' lang='lat' dir='ltr'><strong><em>by</em></strong></span> <span class='ocrx_word' id='word_1_394' title='bbox 400 4227 447 4283; x_wconf 91' lang='lat' dir='ltr'><strong><em>the</em></strong></span> <span class='ocrx_word' id='word_1_395' title='bbox 462 4224 602 4299; x_wconf 79' lang='lat' dir='ltr'><strong><em>Apostles,</em></strong></span> <span class='ocrx_word' id='word_1_396' title='bbox 621 4225 723 4282; x_wconf 86' lang='lat' dir='ltr'><strong><em>should</em></strong></span> <span class='ocrx_word' id='word_1_397' title='bbox 744 4229 836 4284; x_wconf 88' lang='lat' dir='ltr'><strong><em>either</em></strong></span> <span class='ocrx_word' id='word_1_398' title='bbox 851 4226 990 4298; x_wconf 78' lang='lat' dir='ltr'><strong><em>suddenly</em></strong></span> <span class='ocrx_word' id='word_1_399' title='bbox 1012 4245 1046 4283; x_wconf 91' lang='lat' dir='ltr'><strong><em>or</em></strong></span> <span class='ocrx_word' id='word_1_400' title='bbox 1067 4230 1238 4302; x_wconf 81' lang='lat' dir='ltr'><strong><em>universally</em></strong></span> <span class='ocrx_word' id='word_1_401' title='bbox 1256 4229 1332 4288; x_wconf 81' lang='lat' dir='ltr'><strong><em>have</em></strong></span> 
     </span>
     <span class='ocr_line' id='line_1_42' title="bbox 213 4313 1331 4391; baseline 0.005 -24"><span class='ocrx_word' id='word_1_402' title='bbox 213 4329 288 4385; x_wconf 83' lang='lat' dir='ltr'><strong><em>gone</em></strong></span> <span class='ocrx_word' id='word_1_403' title='bbox 301 4320 395 4387; x_wconf 84' lang='lat' dir='ltr'><strong><em>astray</em></strong></span> <span class='ocrx_word' id='word_1_404' title='bbox 410 4315 484 4369; x_wconf 80' lang='lat' dir='ltr'><strong><em>from</em></strong></span> <span class='ocrx_word' id='word_1_405' title='bbox 496 4313 546 4369; x_wconf 90' lang='lat' dir='ltr'><strong><em>tho</em></strong></span> <span class='ocrx_word' id='word_1_406' title='bbox 554 4320 685 4385; x_wconf 81' lang='lat' dir='ltr'><strong><em>precepta</em></strong></span> <span class='ocrx_word' id='word_1_407' title='bbox 695 4314 786 4371; x_wconf 75' lang='lat' dir='ltr'><strong><em>which</em></strong></span> <span class='ocrx_word' id='word_1_408' title='bbox 797 4316 882 4387; x_wconf 82' lang='lat' dir='ltr'><strong><em>being</em></strong></span> <span class='ocrx_word' id='word_1_409' title='bbox 894 4313 995 4387; x_wconf 87' lang='lat' dir='ltr'><strong><em>brietly</em></strong></span> <span class='ocrx_word' id='word_1_410' title='bbox 1004 4316 1155 4389; x_wconf 85' lang='lat' dir='ltr'><strong><em>expressed</em></strong></span> <span class='ocrx_word' id='word_1_411' title='bbox 1167 4316 1198 4372; x_wconf 92' lang='lat' dir='ltr'><strong><em>in</em></strong></span> <span class='ocrx_word' id='word_1_412' title='bbox 1209 4316 1331 4391; x_wconf 77' lang='lat' dir='ltr'><strong><em>writing,</em></strong></span> 
     </span>
     <span class='ocr_line' id='line_1_43' title="bbox 213 4398 1332 4476; baseline 0.007 -22"><span class='ocrx_word' id='word_1_413' title='bbox 213 4398 264 4456; x_wconf 90' lang='lat' dir='ltr'><strong><em>the</em></strong></span> <span class='ocrx_word' id='word_1_414' title='bbox 284 4401 416 4474; x_wconf 78' lang='lat' dir='ltr'><strong><em>Apostles</em></strong></span> <span class='ocrx_word' id='word_1_415' title='bbox 433 4401 490 4458; x_wconf 89' lang='lat' dir='ltr'><strong><em>hod</em></strong></span> <span class='ocrx_word' id='word_1_416' title='bbox 508 4416 588 4456; x_wconf 90' lang='lat' dir='ltr'><strong><em>moro</em></strong></span> <span class='ocrx_word' id='word_1_417' title='bbox 602 4400 675 4476; x_wconf 83' lang='lat' dir='ltr'><strong><em>t&#39;nlly</em></strong></span> <span class='ocrx_word' id='word_1_418' title='bbox 689 4402 839 4476; x_wconf 77' lang='lat' dir='ltr'><strong><em>explained</em></strong></span> <span class='ocrx_word' id='word_1_419' title='bbox 861 4404 893 4458; x_wconf 88' lang='lat' dir='ltr'><strong><em>in</em></strong></span> <span class='ocrx_word' id='word_1_420' title='bbox 917 4399 994 4458; x_wconf 86' lang='lat' dir='ltr'><strong><em>their</em></strong></span> <span class='ocrx_word' id='word_1_421' title='bbox 1010 4403 1072 4460; x_wconf 88' lang='lat' dir='ltr'><strong><em>orul</em></strong></span> <span class='ocrx_word' id='word_1_422' title='bbox 1092 4404 1284 4472; x_wconf 83' lang='lat' dir='ltr'><strong><em>instructions,</em></strong></span> <span class='ocrx_word' id='word_1_423' title='bbox 1298 4420 1332 4462; x_wconf 84' lang='lat' dir='ltr'><strong><em>or</em></strong></span> 
     </span>
    </p>
   </div>
   <div class='ocr_carea' id='block_1_7' title="bbox 0 0 1380 4844">
    <p class='ocr_par' dir='ltr' id='par_1_9' title="bbox 0 0 1380 4844">
     <span class='ocr_line' id='line_1_44' title="bbox 0 0 1380 4844; baseline 0 0"><span class='ocrx_word' id='word_1_424' title='bbox 0 0 1380 4844; x_wconf 95' lang='lat' dir='ltr'><strong><em> </em></strong></span> 
     </span>
    </p>
   </div>
  </div>
 </body>
</html>
