<?xml version="1.0" encoding="UTF-8"?>
<!DOCTYPE html PUBLIC "-//W3C//DTD XHTML 1.0 Transitional//EN"
    "http://www.w3.org/TR/xhtml1/DTD/xhtml1-transitional.dtd">
<html xmlns="http://www.w3.org/1999/xhtml" xml:lang="en" lang="en">
 <head>
  <title>
</title>
<meta http-equiv="Content-Type" content="text/html;charset=utf-8" />
  <meta name='ocr-system' content='tesseract 3.04.00' />
  <meta name='ocr-capabilities' content='ocr_page ocr_carea ocr_par ocr_line ocrx_word'/>
</head>
<body>
  <div class='ocr_page' id='page_1' title='image "./hugonisgrotiide04barbgoog_0265.png"; bbox 0 0 2774 4854; ppageno 0'>
   <div class='ocr_carea' id='block_1_1' title="bbox 153 205 1258 280">
    <p class='ocr_par' dir='ltr' id='par_1_1' title="bbox 153 205 1258 280">
     <span class='ocr_line' id='line_1_1' title="bbox 153 205 1258 280; baseline -0.003 -12"><span class='ocrx_word' id='word_1_1' title='bbox 153 205 215 273; x_wconf 89' lang='grc'>178</span> <span class='ocrx_word' id='word_1_2' title='bbox 465 210 518 268; x_wconf 78' lang='lat' dir='ltr'>Du</span> <span class='ocrx_word' id='word_1_3' title='bbox 540 208 666 266; x_wconf 73' lang='lat' dir='ltr'>scuto</span> <span class='ocrx_word' id='word_1_4' title='bbox 689 206 948 267; x_wconf 79' lang='lat' dir='ltr'>SUBDITORUM</span> <span class='ocrx_word' id='word_1_5' title='bbox 1150 206 1224 280; x_wconf 75' lang='lat' dir='ltr'>[latta</span> <span class='ocrx_word' id='word_1_6' title='bbox 1237 211 1258 269; x_wconf 89' lang='lat' dir='ltr'>t.</span> 
     </span>
    </p>
   </div>
   <div class='ocr_carea' id='block_1_2' title="bbox 42 372 1261 2476">
    <p class='ocr_par' dir='ltr' id='par_1_2' title="bbox 150 372 1260 772">
     <span class='ocr_line' id='line_1_2' title="bbox 150 372 1260 471; baseline -0.005 -22"><span class='ocrx_word' id='word_1_7' title='bbox 150 404 288 471; x_wconf 89' lang='lat' dir='ltr'>unquam</span> <span class='ocrx_word' id='word_1_8' title='bbox 313 381 476 449; x_wconf 78' lang='lat' dir='ltr'>infcrimes</span> <span class='ocrx_word' id='word_1_9' title='bbox 501 380 712 469; x_wconf 79' lang='lat' dir='ltr'>magistratus,</span> <span class='ocrx_word' id='word_1_10' title='bbox 738 377 771 443; x_wconf 93' lang='lat' dir='ltr'>in</span> <span class='ocrx_word' id='word_1_11' title='bbox 796 377 909 465; x_wconf 89' lang='lat' dir='ltr'>quibus</span> <span class='ocrx_word' id='word_1_12' title='bbox 937 372 1063 464; x_wconf 84' lang='lat' dir='ltr'><strong>plurimi</strong></span> <span class='ocrx_word' id='word_1_13' title='bbox 1089 375 1182 444; x_wconf 83' lang='lat' dir='ltr'>fuere</span> <span class='ocrx_word' id='word_1_14' title='bbox 1206 378 1260 444; x_wconf 84' lang='lat' dir='ltr'>riri</span> 
     </span>
     <span class='ocr_line' id='line_1_3' title="bbox 150 474 1259 573; baseline -0.005 -24"><span class='ocrx_word' id='word_1_15' title='bbox 150 481 243 573; x_wconf 83' lang='lat' dir='ltr'>piiot</span> <span class='ocrx_word' id='word_1_16' title='bbox 258 483 365 561; x_wconf 85' lang='lat' dir='ltr'>sortes,</span> <span class='ocrx_word' id='word_1_17' title='bbox 387 482 419 549; x_wconf 93' lang='lat' dir='ltr'>id</span> <span class='ocrx_word' id='word_1_18' title='bbox 436 480 494 548; x_wconf 85' lang='lat' dir='ltr'>sibi</span> <span class='ocrx_word' id='word_1_19' title='bbox 507 479 590 566; x_wconf 90' lang='lat' dir='ltr'>juris</span> <span class='ocrx_word' id='word_1_20' title='bbox 606 489 794 555; x_wconf 80' lang='lat' dir='ltr'>sumserunt,</span> <span class='ocrx_word' id='word_1_21' title='bbox 813 489 849 546; x_wconf 98' lang='grc' dir='ltr'>ιιι</span> <span class='ocrx_word' id='word_1_22' title='bbox 866 477 993 568; x_wconf 88' lang='lat' dir='ltr'>regibus</span> <span class='ocrx_word' id='word_1_23' title='bbox 1017 474 1082 542; x_wconf 83' lang='lat' dir='ltr'>rim</span> <span class='ocrx_word' id='word_1_24' title='bbox 1097 476 1195 543; x_wconf 85' lang='lat' dir='ltr'>ullam</span> <span class='ocrx_word' id='word_1_25' title='bbox 1211 500 1259 567; x_wconf 85' lang='lat' dir='ltr'>op</span> 
     </span>
     <span class='ocr_line' id='line_1_4' title="bbox 150 576 1259 672; baseline -0.005 -22"><span class='ocrx_word' id='word_1_26' title='bbox 150 593 313 672; x_wconf 78' lang='lat' dir='ltr'>ponerent,</span> <span class='ocrx_word' id='word_1_27' title='bbox 338 582 397 650; x_wconf 83' lang='lat' dir='ltr'>nisi</span> <span class='ocrx_word' id='word_1_28' title='bbox 418 581 444 648; x_wconf 90' lang='lat' dir='ltr'>si</span> <span class='ocrx_word' id='word_1_29' title='bbox 465 580 555 668; x_wconf 89' lang='lat' dir='ltr'>quia</span> <span class='ocrx_word' id='word_1_30' title='bbox 576 580 656 655; x_wconf 92' lang='lat' dir='ltr'>Deo,</span> <span class='ocrx_word' id='word_1_31' title='bbox 679 577 766 665; x_wconf 92' lang='lat' dir='ltr'>cujus</span> <span class='ocrx_word' id='word_1_32' title='bbox 788 577 820 644; x_wconf 90' lang='lat' dir='ltr'>iu</span> <span class='ocrx_word' id='word_1_33' title='bbox 844 601 937 669; x_wconf 88' lang='lat' dir='ltr'>reges</span> <span class='ocrx_word' id='word_1_34' title='bbox 958 599 1112 645; x_wconf 89' lang='lat' dir='ltr'>summum</span> <span class='ocrx_word' id='word_1_35' title='bbox 1131 576 1187 667; x_wconf 87' lang='lat' dir='ltr'>jus</span> <span class='ocrx_word' id='word_1_36' title='bbox 1205 589 1259 655; x_wconf 83' lang='lat' dir='ltr'>eat,</span> 
     </span>
     <span class='ocr_line' id='line_1_5' title="bbox 151 679 1259 772; baseline -0.006 -21"><span class='ocrx_word' id='word_1_37' title='bbox 151 684 332 751; x_wconf 88' lang='lat' dir='ltr'>mandatum</span> <span class='ocrx_word' id='word_1_38' title='bbox 357 682 490 772; x_wconf 88' lang='lat' dir='ltr'>speciale</span> <span class='ocrx_word' id='word_1_39' title='bbox 515 687 720 768; x_wconf 87' lang='lat' dir='ltr'>acceperant:</span> <span class='ocrx_word' id='word_1_40' title='bbox 741 679 818 764; x_wconf 92' lang='lat' dir='ltr'>quin</span> <span class='ocrx_word' id='word_1_41' title='bbox 844 695 963 757; x_wconf 90' lang='lat' dir='ltr'>contra,</span> <span class='ocrx_word' id='word_1_42' title='bbox 990 679 1076 767; x_wconf 91' lang='lat' dir='ltr'>quod</span> <span class='ocrx_word' id='word_1_43' title='bbox 1099 701 1259 767; x_wconf 85' lang='lat' dir='ltr'>proceram</span> 
     </span>
    </p>

    <p class='ocr_par' dir='ltr' id='par_1_3' title="bbox 42 778 1260 1072">
     <span class='ocr_line' id='line_1_6' title="bbox 42 778 1260 870; baseline -0.003 -19"><span class='ocrx_word' id='word_1_44' title='bbox 42 802 138 842; x_wconf 67' lang='lat' dir='ltr'>axem</span> <span class='ocrx_word' id='word_1_45' title='bbox 151 783 283 851; x_wconf 86' lang='lat' dir='ltr'>officium</span> <span class='ocrx_word' id='word_1_46' title='bbox 307 783 358 862; x_wconf 89' lang='lat' dir='ltr'>sit,</span> <span class='ocrx_word' id='word_1_47' title='bbox 383 783 519 851; x_wconf 83' lang='lat' dir='ltr'>ostendit</span> <span class='ocrx_word' id='word_1_48' title='bbox 544 778 679 856; x_wconf 78' lang='lat' dir='ltr'>Samuel,</span> <span class='ocrx_word' id='word_1_49' title='bbox 706 800 785 858; x_wconf 94' lang='lat' dir='ltr'>cum,</span> <span class='ocrx_word' id='word_1_50' title='bbox 812 780 993 866; x_wconf 78' lang='lat' dir='ltr'>proceribus</span> <span class='ocrx_word' id='word_1_51' title='bbox 1018 787 1051 847; x_wconf 86' lang='lat' dir='ltr'>et</span> <span class='ocrx_word' id='word_1_52' title='bbox 1078 779 1196 870; x_wconf 91' lang='lat' dir='ltr'>populo</span> <span class='ocrx_word' id='word_1_53' title='bbox 1218 779 1260 846; x_wconf 91' lang='lat' dir='ltr'>in·</span> 
     </span>
     <span class='ocr_line' id='line_1_7' title="bbox 149 881 1259 973; baseline -0.004 -23"><span class='ocrx_word' id='word_1_54' title='bbox 149 894 320 973; x_wconf 75' lang='lat' dir='ltr'>spectante,</span> <span class='ocrx_word' id='word_1_55' title='bbox 342 884 467 951; x_wconf 87' lang='lat' dir='ltr'>Saulem</span> <span class='ocrx_word' id='word_1_56' title='bbox 479 882 546 970; x_wconf 87' lang='lat' dir='ltr'>jam</span> <span class='ocrx_word' id='word_1_57' title='bbox 564 901 712 970; x_wconf 75' lang='lat' dir='ltr'>perverse</span> <span class='ocrx_word' id='word_1_58' title='bbox 736 889 921 970; x_wconf 84' lang='lat' dir='ltr'>regnantem</span> <span class='ocrx_word' id='word_1_59' title='bbox 946 881 1037 948; x_wconf 88' lang='lat' dir='ltr'>solita</span> <span class='ocrx_word' id='word_1_60' title='bbox 1062 883 1259 951; x_wconf 83' lang='lat' dir='ltr'>veneratione</span> 
     </span>
     <span class='ocr_line' id='line_1_8' title="bbox 150 992 442 1072; baseline -0.021 -21"><span class='ocrx_word' id='word_1_61' title='bbox 150 992 200 1051; x_wconf 85' lang='lat' dir='ltr'>est</span> <span class='ocrx_word' id='word_1_62' title='bbox 224 994 442 1072; x_wconf 84' lang='lat' dir='ltr'>prosequutus.</span> 
     </span>
    </p>

    <p class='ocr_par' dir='ltr' id='par_1_4' title="bbox 149 1081 1260 2072">
     <span class='ocr_line' id='line_1_9' title="bbox 225 1081 1258 1172; baseline 0.001 -24"><span class='ocrx_word' id='word_1_63' title='bbox 225 1086 248 1148; x_wconf 85' lang='lat'>4</span> <span class='ocrx_word' id='word_1_64' title='bbox 282 1084 386 1171; x_wconf 83' lang='lat' dir='ltr'>Atque</span> <span class='ocrx_word' id='word_1_65' title='bbox 405 1082 483 1149; x_wconf 91' lang='lat' dir='ltr'>adeo</span> <span class='ocrx_word' id='word_1_66' title='bbox 507 1081 665 1172; x_wconf 76' lang='lat' dir='ltr'>religionis</span> <span class='ocrx_word' id='word_1_67' title='bbox 688 1104 811 1171; x_wconf 90' lang='lat' dir='ltr'>qnoque</span> <span class='ocrx_word' id='word_1_68' title='bbox 833 1083 964 1172; x_wconf 75' lang='lat' dir='ltr'>publica</span> <span class='ocrx_word' id='word_1_69' title='bbox 984 1091 1087 1151; x_wconf 88' lang='lat' dir='ltr'>status</span> <span class='ocrx_word' id='word_1_70' title='bbox 1103 1089 1258 1172; x_wconf 82' lang='lat' dir='ltr'>nunquam</span> 
     </span>
     <span class='ocr_line' id='line_1_10' title="bbox 150 1183 1259 1273; baseline -0.001 -22"><span class='ocrx_word' id='word_1_71' title='bbox 150 1206 212 1251; x_wconf 93' lang='lat' dir='ltr'>non</span> <span class='ocrx_word' id='word_1_72' title='bbox 232 1205 252 1250; x_wconf 83' lang='lat' dir='ltr'>a</span> <span class='ocrx_word' id='word_1_73' title='bbox 273 1183 358 1273; x_wconf 87' lang='lat' dir='ltr'>regis</span> <span class='ocrx_word' id='word_1_74' title='bbox 374 1206 411 1250; x_wconf 92' lang='lat' dir='ltr'>ac</span> <span class='ocrx_word' id='word_1_75' title='bbox 435 1184 584 1272; x_wconf 81' lang='lat' dir='ltr'>Synedrii</span> <span class='ocrx_word' id='word_1_76' title='bbox 606 1183 736 1249; x_wconf 88' lang='lat' dir='ltr'>arbitrio</span> <span class='ocrx_word' id='word_1_77' title='bbox 758 1183 917 1271; x_wconf 84' lang='lat' dir='ltr'>pependit.</span> <span class='ocrx_word' id='word_1_78' title='bbox 971 1184 1065 1262; x_wconf 84' lang='lat' dir='ltr'>Quod</span> <span class='ocrx_word' id='word_1_79' title='bbox 1086 1183 1171 1250; x_wconf 88' lang='lat' dir='ltr'>enim</span> <span class='ocrx_word' id='word_1_80' title='bbox 1193 1195 1259 1273; x_wconf 91' lang='lat' dir='ltr'>post</span> 
     </span>
     <span class='ocr_line' id='line_1_11' title="bbox 149 1281 1259 1374; baseline -0.001 -23"><span class='ocrx_word' id='word_1_81' title='bbox 149 1306 258 1374; x_wconf 86' lang='lat' dir='ltr'>regem</span> <span class='ocrx_word' id='word_1_82' title='bbox 278 1284 480 1374; x_wconf 85' lang='lat' dir='ltr'>magistratus</span> <span class='ocrx_word' id='word_1_83' title='bbox 497 1283 587 1349; x_wconf 91' lang='lat' dir='ltr'>simul</span> <span class='ocrx_word' id='word_1_84' title='bbox 604 1305 674 1350; x_wconf 92' lang='lat' dir='ltr'>cum</span> <span class='ocrx_word' id='word_1_85' title='bbox 698 1281 812 1371; x_wconf 90' lang='lat' dir='ltr'>populo</span> <span class='ocrx_word' id='word_1_86' title='bbox 834 1285 903 1350; x_wconf 90' lang='lat' dir='ltr'>Deo</span> <span class='ocrx_word' id='word_1_87' title='bbox 920 1305 955 1349; x_wconf 91' lang='lat' dir='ltr'>se</span> <span class='ocrx_word' id='word_1_88' title='bbox 976 1282 1084 1349; x_wconf 87' lang='lat' dir='ltr'>fideles</span> <span class='ocrx_word' id='word_1_89' title='bbox 1101 1283 1172 1349; x_wconf 85' lang='lat' dir='ltr'>fore</span> <span class='ocrx_word' id='word_1_90' title='bbox 1193 1307 1259 1373; x_wconf 84' lang='lat' dir='ltr'>pro</span> 
     </span>
     <span class='ocr_line' id='line_1_12' title="bbox 149 1381 1258 1472; baseline -0.001 -22"><span class='ocrx_word' id='word_1_91' title='bbox 149 1384 310 1452; x_wconf 89' lang='lat' dir='ltr'>miserunt.</span> <span class='ocrx_word' id='word_1_92' title='bbox 337 1384 369 1450; x_wconf 92' lang='lat' dir='ltr'>id</span> <span class='ocrx_word' id='word_1_93' title='bbox 392 1383 525 1472; x_wconf 89' lang='lat' dir='ltr'>intelligi</span> <span class='ocrx_word' id='word_1_94' title='bbox 544 1383 648 1461; x_wconf 89' lang='lat' dir='ltr'>debet,</span> <span class='ocrx_word' id='word_1_95' title='bbox 666 1394 820 1470; x_wconf 88' lang='lat' dir='ltr'>quatenus</span> <span class='ocrx_word' id='word_1_96' title='bbox 844 1384 878 1448; x_wconf 93' lang='lat' dir='ltr'>in</span> <span class='ocrx_word' id='word_1_97' title='bbox 899 1382 1048 1469; x_wconf 88' lang='lat' dir='ltr'>cujusque</span> <span class='ocrx_word' id='word_1_98' title='bbox 1068 1382 1101 1449; x_wconf 89' lang='lat' dir='ltr'>id</span> <span class='ocrx_word' id='word_1_99' title='bbox 1122 1381 1258 1451; x_wconf 79' lang='lat' dir='ltr'>futurum</span> 
     </span>
     <span class='ocr_line' id='line_1_13' title="bbox 151 1482 1259 1571; baseline 0 -22"><span class='ocrx_word' id='word_1_100' title='bbox 151 1508 216 1550; x_wconf 64' lang='lat' dir='ltr'>ern.</span> <span class='ocrx_word' id='word_1_101' title='bbox 239 1502 401 1569; x_wconf 41' lang='lat' dir='ltr'>‚anteesse</span> <span class='ocrx_word' id='word_1_102' title='bbox 453 1485 503 1550; x_wconf 86' lang='lat' dir='ltr'>Ne</span> <span class='ocrx_word' id='word_1_103' title='bbox 519 1483 683 1549; x_wconf 67' lang='lat' dir='ltr'>eimulacra</span> <span class='ocrx_word' id='word_1_104' title='bbox 700 1482 824 1571; x_wconf 92' lang='lat' dir='ltr'>quidem</span> <span class='ocrx_word' id='word_1_105' title='bbox 847 1482 996 1549; x_wconf 83' lang='lat' dir='ltr'>falsorum</span> <span class='ocrx_word' id='word_1_106' title='bbox 1016 1483 1170 1561; x_wconf 89' lang='lat' dir='ltr'>Deorum,</span> <span class='ocrx_word' id='word_1_107' title='bbox 1194 1504 1259 1570; x_wconf 86' lang='lat' dir='ltr'>qun</span> 
     </span>
     <span class='ocr_line' id='line_1_14' title="bbox 152 1581 1260 1672; baseline 0.003 -25"><span class='ocrx_word' id='word_1_108' title='bbox 152 1585 271 1669; x_wconf 56' lang='lat' dir='ltr'>pranis·</span> <span class='ocrx_word' id='word_1_109' title='bbox 292 1632 296 1644; x_wconf 86' lang='lat'>.</span> <span class='ocrx_word' id='word_1_110' title='bbox 351 1586 468 1660; x_wconf 57' lang='lat' dir='ltr'>nant,</span> <span class='ocrx_word' id='word_1_111' title='bbox 491 1582 613 1670; x_wconf 90' lang='lat' dir='ltr'>dejecta</span> <span class='ocrx_word' id='word_1_112' title='bbox 630 1604 765 1670; x_wconf 89' lang='lat' dir='ltr'>unquam</span> <span class='ocrx_word' id='word_1_113' title='bbox 787 1583 928 1672; x_wconf 90' lang='lat' dir='ltr'>legimus,</span> <span class='ocrx_word' id='word_1_114' title='bbox 955 1581 1014 1647; x_wconf 91' lang='lat' dir='ltr'>nisi</span> <span class='ocrx_word' id='word_1_115' title='bbox 1027 1582 1120 1669; x_wconf 85' lang='lat' dir='ltr'>jussa</span> <span class='ocrx_word' id='word_1_116' title='bbox 1137 1594 1194 1650; x_wconf 88' lang='lat' dir='ltr'>aut</span> <span class='ocrx_word' id='word_1_117' title='bbox 1209 1605 1260 1672; x_wconf 83' lang='lat' dir='ltr'>po</span> 
     </span>
     <span class='ocr_line' id='line_1_15' title="bbox 151 1683 1260 1831; baseline 0.001 -82"><span class='ocrx_word' id='word_1_118' title='bbox 151 1714 222 1831; x_wconf 49' lang='lat' dir='ltr'>pra</span> <span class='ocrx_word' id='word_1_119' title='bbox 186 1684 265 1747; x_wconf 60' lang='grc' dir='ltr'>-ιὶῖι</span> <span class='ocrx_word' id='word_1_120' title='bbox 314 1683 570 1772; x_wconf 87' lang='lat' dir='ltr'>republica,</span> <span class='ocrx_word' id='word_1_121' title='bbox 594 1693 650 1750; x_wconf 88' lang='lat' dir='ltr'>aut</span> <span class='ocrx_word' id='word_1_122' title='bbox 668 1706 779 1773; x_wconf 90' lang='lat' dir='ltr'>rogum</span> <span class='ocrx_word' id='word_1_123' title='bbox 796 1705 865 1749; x_wconf 90' lang='lat' dir='ltr'>cum</span> <span class='ocrx_word' id='word_1_124' title='bbox 889 1683 1116 1772; x_wconf 87' lang='lat' dir='ltr'>regnabantur.</span> <span class='ocrx_word' id='word_1_125' title='bbox 1171 1683 1260 1763; x_wconf 86' lang='lat' dir='ltr'>Quod</span> 
     </span>
     <span class='ocr_line' id='line_1_16' title="bbox 170 1783 1259 1874; baseline 0 -24"><span class='ocrx_word' id='word_1_126' title='bbox 170 1789 172 1794; x_wconf 86' lang='grc'><strong>’</strong></span> <span class='ocrx_word' id='word_1_127' title='bbox 354 1783 454 1850; x_wconf 66' lang='lat' dir='ltr'>ando</span> <span class='ocrx_word' id='word_1_128' title='bbox 471 1784 586 1850; x_wconf 86' lang='lat' dir='ltr'>factum</span> <span class='ocrx_word' id='word_1_129' title='bbox 605 1793 653 1850; x_wconf 89' lang='lat' dir='ltr'>est</span> <span class='ocrx_word' id='word_1_130' title='bbox 671 1784 700 1849; x_wconf 89' lang='lat' dir='ltr'>vi</span> <span class='ocrx_word' id='word_1_131' title='bbox 718 1792 828 1849; x_wconf 90' lang='lat' dir='ltr'>contra</span> <span class='ocrx_word' id='word_1_132' title='bbox 839 1805 941 1874; x_wconf 88' lang='lat' dir='ltr'>reges,</span> <span class='ocrx_word' id='word_1_133' title='bbox 958 1792 1109 1849; x_wconf 89' lang='lat' dir='ltr'>narratur</span> <span class='ocrx_word' id='word_1_134' title='bbox 1126 1783 1160 1849; x_wconf 93' lang='lat' dir='ltr'>in</span> <span class='ocrx_word' id='word_1_135' title='bbox 1177 1785 1259 1850; x_wconf 86' lang='lat' dir='ltr'>testi·</span> 
     </span>
     <span class='ocr_line' id='line_1_17' title="bbox 149 1818 1260 1973; baseline 0.003 -25"><span class='ocrx_word' id='word_1_136' title='bbox 149 1860 286 1951; x_wconf 82' lang='lat' dir='ltr'>monium</span> <span class='ocrx_word' id='word_1_137' title='bbox 240 1818 421 1952; x_wconf 76' lang='lat' dir='ltr'>divina</span> <span class='ocrx_word' id='word_1_138' title='bbox 445 1884 652 1973; x_wconf 84' lang='lat' dir='ltr'>providentiae</span> <span class='ocrx_word' id='word_1_139' title='bbox 673 1883 706 1950; x_wconf 89' lang='lat' dir='ltr'>id</span> <span class='ocrx_word' id='word_1_140' title='bbox 725 1884 945 1971; x_wconf 87' lang='lat' dir='ltr'>permittentis,</span> <span class='ocrx_word' id='word_1_141' title='bbox 972 1905 1035 1949; x_wconf 92' lang='lat' dir='ltr'>non</span> <span class='ocrx_word' id='word_1_142' title='bbox 1050 1882 1084 1949; x_wconf 92' lang='lat' dir='ltr'>in</span> <span class='ocrx_word' id='word_1_143' title='bbox 1104 1884 1182 1951; x_wconf 83' lang='lat' dir='ltr'>facti</span> <span class='ocrx_word' id='word_1_144' title='bbox 1205 1884 1260 1951; x_wconf 90' lang='lat' dir='ltr'>hu·</span> 
     </span>
     <span class='ocr_line' id='line_1_18' title="bbox 150 1983 517 2072; baseline 0 -22"><span class='ocrx_word' id='word_1_145' title='bbox 150 2005 233 2050; x_wconf 88' lang='lat' dir='ltr'>mam</span> <span class='ocrx_word' id='word_1_146' title='bbox 223 1983 517 2072; x_wconf 86' lang='lat' dir='ltr'>approbationem.</span> 
     </span>
    </p>

    <p class='ocr_par' dir='ltr' id='par_1_5' title="bbox 226 2084 1260 2174">
     <span class='ocr_line' id='line_1_19' title="bbox 226 2084 1260 2174; baseline 0.002 -23"><span class='ocrx_word' id='word_1_147' title='bbox 226 2087 247 2151; x_wconf 84' lang='lat'>5</span> <span class='ocrx_word' id='word_1_148' title='bbox 282 2084 370 2152; x_wconf 90' lang='lat' dir='ltr'>Solet</span> <span class='ocrx_word' id='word_1_149' title='bbox 390 2107 410 2151; x_wconf 89' lang='lat' dir='ltr'>a</span> <span class='ocrx_word' id='word_1_150' title='bbox 427 2084 593 2151; x_wconf 81' lang='lat' dir='ltr'>contrariae</span> <span class='ocrx_word' id='word_1_151' title='bbox 608 2085 771 2151; x_wconf 80' lang='lat' dir='ltr'>sententiae</span> <span class='ocrx_word' id='word_1_152' title='bbox 793 2085 972 2153; x_wconf 90' lang='lat' dir='ltr'>auctoribus</span> <span class='ocrx_word' id='word_1_153' title='bbox 990 2085 1129 2174; x_wconf 88' lang='lat' dir='ltr'>proferri</span> <span class='ocrx_word' id='word_1_154' title='bbox 1147 2086 1260 2154; x_wconf 90' lang='lat' dir='ltr'>dictum</span> 
     </span>
    </p>

    <p class='ocr_par' dir='ltr' id='par_1_6' title="bbox 55 2182 1261 2476">
     <span class='ocr_line' id='line_1_20' title="bbox 55 2182 1261 2274; baseline 0.003 -24"><span class='ocrx_word' id='word_1_155' title='bbox 55 2269 57 2272; x_wconf 45' lang='lat'>.</span> <span class='ocrx_word' id='word_1_156' title='bbox 150 2182 289 2272; x_wconf 77' lang='lat' dir='ltr'>Trajani,</span> <span class='ocrx_word' id='word_1_157' title='bbox 322 2208 391 2251; x_wconf 93' lang='lat' dir='ltr'>cum</span> <span class='ocrx_word' id='word_1_158' title='bbox 417 2184 585 2274; x_wconf 90' lang='lat' dir='ltr'>pugionem</span> <span class='ocrx_word' id='word_1_159' title='bbox 615 2185 764 2271; x_wconf 81' lang='lat' dir='ltr'>praesecto</span> <span class='ocrx_word' id='word_1_160' title='bbox 797 2185 946 2274; x_wconf 87' lang='lat' dir='ltr'>praetorio</span> <span class='ocrx_word' id='word_1_161' title='bbox 975 2185 1136 2254; x_wconf 86' lang='lat' dir='ltr'>traderet:</span> <span class='ocrx_word' id='word_1_162' title='bbox 1172 2187 1261 2255; x_wconf 73' lang='lat' dir='ltr'>8Hoc</span> 
     </span>
     <span class='ocr_line' id='line_1_21' title="bbox 143 2286 1260 2372; baseline 0.003 -23"><span class='ocrx_word' id='word_1_163' title='bbox 143 2308 210 2371; x_wconf 84' lang='lat' dir='ltr'>pro</span> <span class='ocrx_word' id='word_1_164' title='bbox 226 2309 276 2351; x_wconf 88' lang='lat' dir='ltr'>me</span> <span class='ocrx_word' id='word_1_165' title='bbox 294 2299 391 2361; x_wconf 66' lang='lat' dir='ltr'>ntae,</span> <span class='ocrx_word' id='word_1_166' title='bbox 410 2288 541 2352; x_wconf 79' lang='lat' dir='ltr'>sirecte</span> <span class='ocrx_word' id='word_1_167' title='bbox 558 2286 706 2372; x_wconf 71' lang='lat' dir='ltr'>imperor</span> <span class='ocrx_word' id='word_1_168' title='bbox 730 2289 761 2353; x_wconf 85' lang='lat' dir='ltr'>ei</span> <span class='ocrx_word' id='word_1_169' title='bbox 778 2288 873 2363; x_wconf 86' lang='lat' dir='ltr'>male,</span> <span class='ocrx_word' id='word_1_170' title='bbox 892 2298 1007 2352; x_wconf 84' lang='lat' dir='ltr'>contra</span> <span class='ocrx_word' id='word_1_171' title='bbox 1021 2310 1081 2354; x_wconf 81' lang='lat' dir='ltr'>nne.</span> <span class='ocrx_word' id='word_1_172' title='bbox 1125 2287 1191 2355; x_wconf 86' lang='lat' dir='ltr'>Sed</span> <span class='ocrx_word' id='word_1_173' title='bbox 1207 2286 1260 2352; x_wconf 62' lang='lat' dir='ltr'>sei·</span> 
     </span>
     <span class='ocr_line' id='line_1_22' title="bbox 150 2384 1260 2476; baseline 0.001 -25"><span class='ocrx_word' id='word_1_174' title='bbox 150 2384 264 2452; x_wconf 89' lang='lat' dir='ltr'>endum</span> <span class='ocrx_word' id='word_1_175' title='bbox 289 2394 347 2462; x_wconf 87' lang='lat' dir='ltr'>est,</span> <span class='ocrx_word' id='word_1_176' title='bbox 372 2384 555 2472; x_wconf 88' lang='lat' dir='ltr'>Trajanum,</span> <span class='ocrx_word' id='word_1_177' title='bbox 584 2393 618 2450; x_wconf 89' lang='lat' dir='ltr'>ut</span> <span class='ocrx_word' id='word_1_178' title='bbox 641 2407 681 2452; x_wconf 85' lang='lat' dir='ltr'>ex</span> <span class='ocrx_word' id='word_1_179' title='bbox 704 2385 798 2452; x_wconf 87' lang='lat' dir='ltr'>Plinii</span> <span class='ocrx_word' id='word_1_180' title='bbox 825 2389 1031 2473; x_wconf 75' lang='lat' dir='ltr'>Panegyrico</span> <span class='ocrx_word' id='word_1_181' title='bbox 1056 2398 1204 2476; x_wconf 88' lang='lat' dir='ltr'>apparet,</span> <span class='ocrx_word' id='word_1_182' title='bbox 1229 2387 1260 2453; x_wconf 93' lang='lat' dir='ltr'>id</span> 
     </span>
    </p>
   </div>
   <div class='ocr_carea' id='block_1_3' title="bbox 150 2484 1260 2578">
    <p class='ocr_par' dir='ltr' id='par_1_7' title="bbox 150 2484 1260 2578">
     <span class='ocr_line' id='line_1_23' title="bbox 150 2484 1260 2578; baseline 0.003 -27"><span class='ocrx_word' id='word_1_183' title='bbox 150 2484 239 2552; x_wconf 87' lang='lat' dir='ltr'>unice</span> <span class='ocrx_word' id='word_1_184' title='bbox 258 2508 391 2566; x_wconf 87' lang='lat' dir='ltr'>curasse,</span> <span class='ocrx_word' id='word_1_185' title='bbox 415 2508 455 2552; x_wconf 91' lang='lat' dir='ltr'>ne</span> <span class='ocrx_word' id='word_1_186' title='bbox 475 2484 551 2572; x_wconf 89' lang='lat' dir='ltr'>quid</span> <span class='ocrx_word' id='word_1_187' title='bbox 568 2484 690 2576; x_wconf 91' lang='lat' dir='ltr'>regium</span> <span class='ocrx_word' id='word_1_188' title='bbox 713 2496 897 2566; x_wconf 88' lang='lat' dir='ltr'>ostentaret,</span> <span class='ocrx_word' id='word_1_189' title='bbox 920 2486 976 2553; x_wconf 89' lang='lat' dir='ltr'>sed</span> <span class='ocrx_word' id='word_1_190' title='bbox 998 2489 1127 2553; x_wconf 78' lang='lat' dir='ltr'>&#39;verum</span> <span class='ocrx_word' id='word_1_191' title='bbox 1150 2488 1260 2578; x_wconf 88' lang='lat' dir='ltr'>princi·</span> 
     </span>
    </p>
   </div>
   <div class='ocr_carea' id='block_1_4' title="bbox 149 2663 1262 3181">
    <p class='ocr_par' dir='ltr' id='par_1_8' title="bbox 149 2663 1262 3181">
     <span class='ocr_line' id='line_1_24' title="bbox 194 2663 1260 2729; baseline 0.004 -18"><span class='ocrx_word' id='word_1_192' title='bbox 194 2663 338 2711; x_wconf 71' lang='lat' dir='ltr'>&#39;Refertur</span> <span class='ocrx_word' id='word_1_193' title='bbox 353 2664 584 2726; x_wconf 74' lang='lat' dir='ltr'>exiphiliao,png.</span> <span class='ocrx_word' id='word_1_194' title='bbox 598 2666 682 2713; x_wconf 76' lang='lat' dir='ltr'>aean.</span> <span class='ocrx_word' id='word_1_195' title='bbox 731 2667 829 2714; x_wconf 73' lang='lat' dir='ltr'>(imnum</span> <span class='ocrx_word' id='word_1_196' title='bbox 845 2668 908 2717; x_wconf 84' lang='lat' dir='ltr'>ride.</span> <span class='ocrx_word' id='word_1_197' title='bbox 933 2666 999 2728; x_wconf 82' lang='lat' dir='ltr'>(Lib.</span> <span class='ocrx_word' id='word_1_198' title='bbox 1012 2670 1147 2729; x_wconf 83' lang='lat' dir='ltr'>11.cep.3;</span> <span class='ocrx_word' id='word_1_199' title='bbox 1163 2668 1260 2718; x_wconf 69' lang='lat' dir='ltr'>Lan.</span> 
     </span>
     <span class='ocr_line' id='line_1_25' title="bbox 150 2739 1035 2804; baseline 0.001 -16"><span class='ocrx_word' id='word_1_200' title='bbox 150 2739 200 2790; x_wconf 77' lang='lat' dir='ltr'>lid.</span> <span class='ocrx_word' id='word_1_201' title='bbox 212 2739 293 2802; x_wconf 75' lang='lat' dir='ltr'>stepo.</span> <span class='ocrx_word' id='word_1_202' title='bbox 319 2741 417 2790; x_wconf 75' lang='lat' dir='ltr'>Vident</span> <span class='ocrx_word' id='word_1_203' title='bbox 429 2743 500 2789; x_wconf 85' lang='lat' dir='ltr'>Plinii</span> <span class='ocrx_word' id='word_1_204' title='bbox 510 2743 619 2790; x_wconf 72' lang='lat' dir='ltr'>iunioris</span> <span class='ocrx_word' id='word_1_205' title='bbox 629 2743 681 2789; x_wconf 83' lang='lat' dir='ltr'>Pa·</span> <span class='ocrx_word' id='word_1_206' title='bbox 731 2757 786 2804; x_wconf 89' lang='lat' dir='ltr'>cap.</span> <span class='ocrx_word' id='word_1_207' title='bbox 796 2746 833 2790; x_wconf 74' lang='lat'>14.</span> <span class='ocrx_word' id='word_1_208' title='bbox 844 2743 914 2790; x_wconf 83' lang='lat' dir='ltr'>Edit.</span> <span class='ocrx_word' id='word_1_209' title='bbox 925 2743 1035 2802; x_wconf 81' lang='lat' dir='ltr'>Boecier.)</span> 
     </span>
     <span class='ocr_line' id='line_1_26' title="bbox 149 2816 1262 2880; baseline 0.004 -17"><span class='ocrx_word' id='word_1_210' title='bbox 149 2818 252 2878; x_wconf 68' lang='lat' dir='ltr'>reperte.</span> <span class='ocrx_word' id='word_1_211' title='bbox 269 2831 290 2864; x_wconf 90' lang='lat' dir='ltr'>c.</span> <span class='ocrx_word' id='word_1_212' title='bbox 307 2816 345 2866; x_wconf 80' lang='lat' dir='ltr'>ot.</span> <span class='ocrx_word' id='word_1_213' title='bbox 360 2823 386 2864; x_wconf 84' lang='lat' dir='ltr'>ct</span> <span class='ocrx_word' id='word_1_214' title='bbox 402 2817 539 2866; x_wconf 80' lang='lat' dir='ltr'>cassiodor.</span> <span class='ocrx_word' id='word_1_215' title='bbox 554 2817 612 2866; x_wconf 70' lang='lat' dir='ltr'>l&#39;ar.</span> <span class='ocrx_word' id='word_1_216' title='bbox 623 2831 681 2865; x_wconf 91' lang='grc' dir='ltr'>ι·ιιι.</span> <span class='ocrx_word' id='word_1_217' title='bbox 775 2817 1262 2880; x_wconf 57' lang='grc' dir='ltr'>οιιιᾰιιῦοιῑιίι.,4ιιιι’ᾳ..Ῑιιιι.Ιιιιιαιι.</span> 
     </span>
     <span class='ocr_line' id='line_1_27' title="bbox 150 2889 1260 2955; baseline 0.006 -18"><span class='ocrx_word' id='word_1_218' title='bbox 150 2891 187 2938; x_wconf 82' lang='grc'>13.</span> <span class='ocrx_word' id='word_1_219' title='bbox 218 2889 248 2940; x_wconf 87' lang='lat' dir='ltr'>J.</span> <span class='ocrx_word' id='word_1_220' title='bbox 257 2891 289 2939; x_wconf 87' lang='lat' dir='ltr'>B.</span> <span class='ocrx_word' id='word_1_221' title='bbox 732 2907 785 2955; x_wconf 82' lang='lat' dir='ltr'>cop.</span> <span class='ocrx_word' id='word_1_222' title='bbox 800 2894 829 2943; x_wconf 84' lang='lat' dir='ltr'>ir.</span> <span class='ocrx_word' id='word_1_223' title='bbox 852 2893 904 2955; x_wconf 67' lang='lat'>52.</span> <span class='ocrx_word' id='word_1_224' title='bbox 919 2894 970 2941; x_wconf 82' lang='lat' dir='ltr'>Ed.</span> <span class='ocrx_word' id='word_1_225' title='bbox 992 2894 1102 2942; x_wconf 79' lang='lat' dir='ltr'>Hurlren.</span> <span class='ocrx_word' id='word_1_226' title='bbox 1119 2901 1146 2943; x_wconf 86' lang='lat' dir='ltr'>et</span> <span class='ocrx_word' id='word_1_227' title='bbox 1165 2896 1260 2944; x_wconf 71' lang='lat' dir='ltr'>Clarias</span> 
     </span>
     <span class='ocr_line' id='line_1_28' title="bbox 193 2966 1195 3030; baseline 0 -16"><span class='ocrx_word' id='word_1_228' title='bbox 193 2974 204 3002; x_wconf 69' lang='grc' dir='ltr'>ι</span> <span class='ocrx_word' id='word_1_229' title='bbox 232 2966 316 3014; x_wconf 79' lang='lat' dir='ltr'>Verum</span> <span class='ocrx_word' id='word_1_230' title='bbox 332 2969 465 3030; x_wconf 82' lang='lat' dir='ltr'>principem</span> <span class='ocrx_word' id='word_1_231' title='bbox 491 2967 582 3030; x_wconf 74' lang='lat' dir='ltr'>germ]</span> <span class='ocrx_word' id='word_1_232' title='bbox 609 2969 681 3025; x_wconf 86' lang='lat' dir='ltr'>Quod</span> <span class='ocrx_word' id='word_1_233' title='bbox 733 2966 883 3025; x_wconf 68' lang='lat' dir='ltr'>cisarcen,</span> <span class='ocrx_word' id='word_1_234' title='bbox 892 2967 918 3012; x_wconf 89' lang='lat' dir='ltr'>in</span> <span class='ocrx_word' id='word_1_235' title='bbox 929 2967 1011 3014; x_wconf 78' lang='lat' dir='ltr'>More.</span> <span class='ocrx_word' id='word_1_236' title='bbox 1021 2967 1054 3013; x_wconf 89' lang='lat' dir='ltr'>iii.</span> <span class='ocrx_word' id='word_1_237' title='bbox 1065 2971 1089 3013; x_wconf 81' lang='lat' dir='ltr'>t.</span> <span class='ocrx_word' id='word_1_238' title='bbox 1120 2967 1150 3015; x_wconf 82' lang='lat' dir='ltr'>J.</span> <span class='ocrx_word' id='word_1_239' title='bbox 1160 2968 1195 3016; x_wconf 87' lang='lat' dir='ltr'>B.</span> 
     </span>
     <span class='ocr_line' id='line_1_29' title="bbox 149 3041 1261 3106; baseline 0.002 -16"><span class='ocrx_word' id='word_1_240' title='bbox 149 3048 235 3104; x_wconf 79' lang='lat' dir='ltr'>postes</span> <span class='ocrx_word' id='word_1_241' title='bbox 256 3043 344 3091; x_wconf 85' lang='lat' dir='ltr'>imitati</span> <span class='ocrx_word' id='word_1_242' title='bbox 368 3045 483 3090; x_wconf 81' lang='lat' dir='ltr'>Pertinax</span> <span class='ocrx_word' id='word_1_243' title='bbox 500 3051 526 3092; x_wconf 83' lang='lat' dir='ltr'>ct</span> <span class='ocrx_word' id='word_1_244' title='bbox 541 3045 679 3092; x_wconf 76' lang='lat' dir='ltr'>Macrinus:</span> <span class='ocrx_word' id='word_1_245' title='bbox 776 3050 785 3076; x_wconf 85' lang='lat'><strong>¹</strong></span> <span class='ocrx_word' id='word_1_246' title='bbox 803 3041 969 3103; x_wconf 75' lang='grc' dir='ltr'>Σαφῶιῦπὲρ</span> <span class='ocrx_word' id='word_1_247' title='bbox 980 3045 1066 3104; x_wconf 64' lang='grc' dir='ltr'>ψυχῆς</span> <span class='ocrx_word' id='word_1_248' title='bbox 1078 3041 1180 3106; x_wconf 74' lang='grc' dir='ltr'>θέομεν]</span> <span class='ocrx_word' id='word_1_249' title='bbox 1196 3044 1261 3092; x_wconf 77' lang='lat' dir='ltr'>Muc-</span> 
     </span>
     <span class='ocr_line' id='line_1_30' title="bbox 149 3118 1260 3181; baseline 0.002 -17"><span class='ocrx_word' id='word_1_250' title='bbox 149 3131 253 3178; x_wconf 89' lang='lat' dir='ltr'>quorum</span> <span class='ocrx_word' id='word_1_251' title='bbox 263 3120 384 3166; x_wconf 83' lang='lat' dir='ltr'>orationes</span> <span class='ocrx_word' id='word_1_252' title='bbox 394 3122 505 3180; x_wconf 81' lang='lat' dir='ltr'>egregias</span> <span class='ocrx_word' id='word_1_253' title='bbox 520 3120 586 3181; x_wconf 80' lang='lat' dir='ltr'>opud</span> <span class='ocrx_word' id='word_1_254' title='bbox 602 3121 680 3167; x_wconf 74' lang='lat' dir='ltr'>itero·</span> <span class='ocrx_word' id='word_1_255' title='bbox 732 3119 875 3175; x_wconf 74' lang='lat' dir='ltr'>caseorum,</span> <span class='ocrx_word' id='word_1_256' title='bbox 886 3118 939 3165; x_wconf 88' lang='lat' dir='ltr'>Lib.</span> <span class='ocrx_word' id='word_1_257' title='bbox 950 3130 968 3164; x_wconf 90' lang='lat'>1.</span> <span class='ocrx_word' id='word_1_258' title='bbox 978 3131 999 3164; x_wconf 92' lang='lat' dir='ltr'>c.</span> <span class='ocrx_word' id='word_1_259' title='bbox 1010 3118 1032 3166; x_wconf 84' lang='grc'>9.</span> <span class='ocrx_word' id='word_1_260' title='bbox 1044 3120 1081 3166; x_wconf 88' lang='grc'>10.</span> <span class='ocrx_word' id='word_1_261' title='bbox 1093 3121 1132 3166; x_wconf 80' lang='grc'>43.</span> <span class='ocrx_word' id='word_1_262' title='bbox 1142 3123 1212 3167; x_wconf 64' lang='lat' dir='ltr'>ctu.</span> <span class='ocrx_word' id='word_1_263' title='bbox 1223 3120 1260 3167; x_wconf 78' lang='lat' dir='ltr'>rol</span> 
     </span>
    </p>
   </div>
   <div class='ocr_carea' id='block_1_5' title="bbox 121 3367 1263 4486">
    <p class='ocr_par' dir='ltr' id='par_1_9' title="bbox 121 3367 1263 4048">
     <span class='ocr_line' id='line_1_31' title="bbox 121 3367 1263 3442; baseline 0.004 -20"><span class='ocrx_word' id='word_1_264' title='bbox 121 3394 125 3407; x_wconf 81' lang='lat'><strong>·</strong></span> <span class='ocrx_word' id='word_1_265' title='bbox 204 3376 222 3423; x_wconf 79' lang='grc'><strong>4</strong></span> <span class='ocrx_word' id='word_1_266' title='bbox 243 3367 308 3423; x_wconf 79' lang='lat' dir='ltr'>nnn</span> <span class='ocrx_word' id='word_1_267' title='bbox 323 3385 355 3423; x_wconf 90' lang='lat' dir='ltr'>so</span> <span class='ocrx_word' id='word_1_268' title='bbox 369 3368 428 3424; x_wconf 89' lang='lat' dir='ltr'>also</span> <span class='ocrx_word' id='word_1_269' title='bbox 447 3369 496 3424; x_wconf 90' lang='lat' dir='ltr'>the</span> <span class='ocrx_word' id='word_1_270' title='bbox 511 3376 585 3425; x_wconf 87' lang='lat' dir='ltr'>state</span> <span class='ocrx_word' id='word_1_271' title='bbox 603 3369 637 3425; x_wconf 84' lang='lat' dir='ltr'>of</span> <span class='ocrx_word' id='word_1_272' title='bbox 651 3370 747 3442; x_wconf 90' lang='lat' dir='ltr'>public</span> <span class='ocrx_word' id='word_1_273' title='bbox 762 3369 880 3442; x_wconf 82' lang='lat' dir='ltr'>religion</span> <span class='ocrx_word' id='word_1_274' title='bbox 895 3368 1021 3440; x_wconf 80' lang='lat' dir='ltr'>depende</span> <span class='ocrx_word' id='word_1_275' title='bbox 1041 3384 1080 3424; x_wconf 91' lang='lat' dir='ltr'>on</span> <span class='ocrx_word' id='word_1_276' title='bbox 1095 3368 1147 3426; x_wconf 90' lang='lat' dir='ltr'>the</span> <span class='ocrx_word' id='word_1_277' title='bbox 1162 3370 1219 3426; x_wconf 79' lang='lat' dir='ltr'>will</span> <span class='ocrx_word' id='word_1_278' title='bbox 1232 3369 1263 3425; x_wconf 83' lang='lat' dir='ltr'>os</span> 
     </span>
     <span class='ocr_line' id='line_1_32' title="bbox 150 3454 1260 3528; baseline 0.004 -18"><span class='ocrx_word' id='word_1_279' title='bbox 150 3454 199 3510; x_wconf 92' lang='lat' dir='ltr'>the</span> <span class='ocrx_word' id='word_1_280' title='bbox 218 3455 293 3527; x_wconf 79' lang='lat' dir='ltr'>liing</span> <span class='ocrx_word' id='word_1_281' title='bbox 310 3455 366 3510; x_wconf 91' lang='lat' dir='ltr'>and</span> <span class='ocrx_word' id='word_1_282' title='bbox 384 3456 432 3510; x_wconf 89' lang='lat' dir='ltr'>tho</span> <span class='ocrx_word' id='word_1_283' title='bbox 448 3455 575 3510; x_wconf 83' lang='lat' dir='ltr'>Council.</span> <span class='ocrx_word' id='word_1_284' title='bbox 622 3454 832 3528; x_wconf 76' lang='lat' dir='ltr'>(synedrium.)</span> <span class='ocrx_word' id='word_1_285' title='bbox 877 3454 938 3510; x_wconf 87' lang='lat' dir='ltr'>Thc</span> <span class='ocrx_word' id='word_1_286' title='bbox 958 3464 1148 3527; x_wconf 82' lang='lat' dir='ltr'>engagement</span> <span class='ocrx_word' id='word_1_287' title='bbox 1163 3457 1198 3514; x_wconf 80' lang='lat' dir='ltr'>of</span> <span class='ocrx_word' id='word_1_288' title='bbox 1213 3457 1260 3513; x_wconf 86' lang='lat' dir='ltr'>the</span> 
     </span>
     <span class='ocr_line' id='line_1_33' title="bbox 150 3541 1260 3616; baseline 0.005 -20"><span class='ocrx_word' id='word_1_289' title='bbox 150 3543 327 3614; x_wconf 87' lang='lat' dir='ltr'>magistrates</span> <span class='ocrx_word' id='word_1_290' title='bbox 339 3542 395 3596; x_wconf 93' lang='lat' dir='ltr'>and</span> <span class='ocrx_word' id='word_1_291' title='bbox 408 3542 457 3597; x_wconf 90' lang='lat' dir='ltr'>tho</span> <span class='ocrx_word' id='word_1_292' title='bbox 472 3543 573 3614; x_wconf 89' lang='lat' dir='ltr'>people</span> <span class='ocrx_word' id='word_1_293' title='bbox 590 3551 619 3596; x_wconf 90' lang='grc' dir='ltr'>ιο</span> <span class='ocrx_word' id='word_1_294' title='bbox 634 3542 670 3596; x_wconf 91' lang='lat' dir='ltr'>bc</span> <span class='ocrx_word' id='word_1_295' title='bbox 685 3542 799 3596; x_wconf 81' lang='lat' dir='ltr'>faithful</span> <span class='ocrx_word' id='word_1_296' title='bbox 815 3549 845 3596; x_wconf 88' lang='lat' dir='ltr'>to</span> <span class='ocrx_word' id='word_1_297' title='bbox 862 3541 934 3606; x_wconf 85' lang='lat' dir='ltr'>God,</span> <span class='ocrx_word' id='word_1_298' title='bbox 946 3541 1021 3596; x_wconf 84' lang='lat' dir='ltr'>aster</span> <span class='ocrx_word' id='word_1_299' title='bbox 1036 3542 1085 3597; x_wconf 88' lang='lat' dir='ltr'>the</span> <span class='ocrx_word' id='word_1_300' title='bbox 1100 3544 1180 3616; x_wconf 84' lang='lat' dir='ltr'>king,</span> <span class='ocrx_word' id='word_1_301' title='bbox 1194 3546 1218 3600; x_wconf 88' lang='lat' dir='ltr'>is</span> <span class='ocrx_word' id='word_1_302' title='bbox 1232 3551 1260 3600; x_wconf 89' lang='grc' dir='ltr'>ιο</span> 
     </span>
     <span class='ocr_line' id='line_1_34' title="bbox 150 3628 1260 3700; baseline 0.003 -17"><span class='ocrx_word' id='word_1_303' title='bbox 150 3630 186 3684; x_wconf 93' lang='lat' dir='ltr'>bo</span> <span class='ocrx_word' id='word_1_304' title='bbox 199 3629 380 3693; x_wconf 89' lang='lat' dir='ltr'>understood,</span> <span class='ocrx_word' id='word_1_305' title='bbox 396 3646 426 3684; x_wconf 90' lang='lat' dir='ltr'>as</span> <span class='ocrx_word' id='word_1_306' title='bbox 445 3629 489 3682; x_wconf 87' lang='lat' dir='ltr'>far</span> <span class='ocrx_word' id='word_1_307' title='bbox 505 3646 535 3682; x_wconf 88' lang='lat' dir='ltr'>as</span> <span class='ocrx_word' id='word_1_308' title='bbox 557 3629 578 3682; x_wconf 91' lang='lat' dir='ltr'>is</span> <span class='ocrx_word' id='word_1_309' title='bbox 597 3629 626 3682; x_wconf 89' lang='lat' dir='ltr'>in</span> <span class='ocrx_word' id='word_1_310' title='bbox 646 3628 720 3682; x_wconf 86' lang='lat' dir='ltr'>their</span> <span class='ocrx_word' id='word_1_311' title='bbox 737 3645 841 3700; x_wconf 78' lang='lat' dir='ltr'>power.</span> <span class='ocrx_word' id='word_1_312' title='bbox 883 3630 935 3683; x_wconf 90' lang='lat' dir='ltr'>We</span> <span class='ocrx_word' id='word_1_313' title='bbox 954 3629 991 3683; x_wconf 92' lang='lat' dir='ltr'>do</span> <span class='ocrx_word' id='word_1_314' title='bbox 1006 3634 1058 3683; x_wconf 88' lang='grc' dir='ltr'>ιιοι</span> <span class='ocrx_word' id='word_1_315' title='bbox 1075 3629 1145 3684; x_wconf 89' lang='lat' dir='ltr'>rcad</span> <span class='ocrx_word' id='word_1_316' title='bbox 1165 3631 1200 3686; x_wconf 81' lang='lat' dir='ltr'>of</span> <span class='ocrx_word' id='word_1_317' title='bbox 1215 3630 1260 3686; x_wconf 84' lang='lat' dir='ltr'>tho</span> 
     </span>
     <span class='ocr_line' id='line_1_35' title="bbox 149 3715 1263 3789; baseline 0.004 -19"><span class='ocrx_word' id='word_1_318' title='bbox 149 3717 253 3789; x_wconf 87' lang='lat' dir='ltr'>images</span> <span class='ocrx_word' id='word_1_319' title='bbox 268 3716 301 3771; x_wconf 88' lang='lat' dir='ltr'>of</span> <span class='ocrx_word' id='word_1_320' title='bbox 314 3716 383 3771; x_wconf 82' lang='lat' dir='ltr'>false</span> <span class='ocrx_word' id='word_1_321' title='bbox 395 3716 464 3788; x_wconf 90' lang='lat' dir='ltr'>gods</span> <span class='ocrx_word' id='word_1_322' title='bbox 477 3717 560 3785; x_wconf 84' lang='lat' dir='ltr'>being</span> <span class='ocrx_word' id='word_1_323' title='bbox 573 3715 682 3770; x_wconf 85' lang='lat' dir='ltr'>thrown</span> <span class='ocrx_word' id='word_1_324' title='bbox 695 3716 786 3779; x_wconf 84' lang='lat' dir='ltr'>down,</span> <span class='ocrx_word' id='word_1_325' title='bbox 799 3723 900 3788; x_wconf 85' lang='lat' dir='ltr'>except</span> <span class='ocrx_word' id='word_1_326' title='bbox 912 3716 950 3787; x_wconf 82' lang='lat' dir='ltr'>by</span> <span class='ocrx_word' id='word_1_327' title='bbox 962 3715 1114 3771; x_wconf 83' lang='lat' dir='ltr'>command</span> <span class='ocrx_word' id='word_1_328' title='bbox 1127 3717 1221 3774; x_wconf 89' lang='lat' dir='ltr'>either</span> <span class='ocrx_word' id='word_1_329' title='bbox 1232 3717 1263 3774; x_wconf 83' lang='lat' dir='ltr'>os</span> 
     </span>
     <span class='ocr_line' id='line_1_36' title="bbox 148 3802 1260 3878; baseline 0.004 -21"><span class='ocrx_word' id='word_1_330' title='bbox 148 3804 238 3876; x_wconf 83' lang='lat' dir='ltr'>kings,</span> <span class='ocrx_word' id='word_1_331' title='bbox 254 3821 287 3859; x_wconf 91' lang='lat' dir='ltr'>or</span> <span class='ocrx_word' id='word_1_332' title='bbox 302 3803 335 3859; x_wconf 87' lang='lat' dir='ltr'>of</span> <span class='ocrx_word' id='word_1_333' title='bbox 348 3803 396 3857; x_wconf 92' lang='lat' dir='ltr'>tho</span> <span class='ocrx_word' id='word_1_334' title='bbox 408 3802 510 3874; x_wconf 90' lang='lat' dir='ltr'>pooplc</span> <span class='ocrx_word' id='word_1_335' title='bbox 523 3802 602 3857; x_wconf 80' lang='lat' dir='ltr'>when</span> <span class='ocrx_word' id='word_1_336' title='bbox 616 3803 684 3857; x_wconf 82' lang='lat' dir='ltr'>free.</span> <span class='ocrx_word' id='word_1_337' title='bbox 713 3803 806 3857; x_wconf 84' lang='lat' dir='ltr'>When</span> <span class='ocrx_word' id='word_1_338' title='bbox 818 3803 874 3857; x_wconf 88' lang='lat' dir='ltr'>this</span> <span class='ocrx_word' id='word_1_339' title='bbox 888 3803 910 3856; x_wconf 90' lang='lat' dir='ltr'>is</span> <span class='ocrx_word' id='word_1_340' title='bbox 923 3802 997 3856; x_wconf 90' lang='lat' dir='ltr'>done</span> <span class='ocrx_word' id='word_1_341' title='bbox 1010 3802 1047 3874; x_wconf 84' lang='lat' dir='ltr'>by</span> <span class='ocrx_word' id='word_1_342' title='bbox 1060 3802 1140 3859; x_wconf 87' lang='lat' dir='ltr'>force</span> <span class='ocrx_word' id='word_1_343' title='bbox 1153 3805 1260 3878; x_wconf 81' lang='lat' dir='ltr'>against</span> 
     </span>
     <span class='ocr_line' id='line_1_37' title="bbox 149 3888 1259 3960; baseline 0.002 -15"><span class='ocrx_word' id='word_1_344' title='bbox 149 3890 198 3945; x_wconf 90' lang='lat' dir='ltr'>the</span> <span class='ocrx_word' id='word_1_345' title='bbox 211 3897 329 3945; x_wconf 88' lang='lat' dir='ltr'>consent</span> <span class='ocrx_word' id='word_1_346' title='bbox 345 3890 378 3943; x_wconf 73' lang='lat' dir='ltr'>ot*</span> <span class='ocrx_word' id='word_1_347' title='bbox 394 3888 442 3944; x_wconf 90' lang='lat' dir='ltr'>the</span> <span class='ocrx_word' id='word_1_348' title='bbox 455 3889 544 3960; x_wconf 86' lang='lat' dir='ltr'>kings,</span> <span class='ocrx_word' id='word_1_349' title='bbox 558 3891 580 3944; x_wconf 89' lang='lat' dir='ltr'>it</span> <span class='ocrx_word' id='word_1_350' title='bbox 593 3890 615 3943; x_wconf 88' lang='lat' dir='ltr'>is</span> <span class='ocrx_word' id='word_1_351' title='bbox 632 3888 740 3944; x_wconf 89' lang='lat' dir='ltr'>related</span> <span class='ocrx_word' id='word_1_352' title='bbox 754 3906 814 3944; x_wconf 90' lang='lat' dir='ltr'>asa</span> <span class='ocrx_word' id='word_1_353' title='bbox 830 3890 981 3960; x_wconf 82' lang='lat' dir='ltr'>testimony</span> <span class='ocrx_word' id='word_1_354' title='bbox 998 3889 1031 3944; x_wconf 85' lang='lat' dir='ltr'>of</span> <span class='ocrx_word' id='word_1_355' title='bbox 1043 3890 1148 3948; x_wconf 68' lang='lat' dir='ltr'>Die-ine</span> <span class='ocrx_word' id='word_1_356' title='bbox 1163 3892 1259 3950; x_wconf 86' lang='lat' dir='ltr'>Prori-</span> 
     </span>
     <span class='ocr_line' id='line_1_38' title="bbox 148 3975 1031 4048; baseline -0.001 -17"><span class='ocrx_word' id='word_1_357' title='bbox 148 3976 237 4031; x_wconf 90' lang='lat' dir='ltr'>dcnce</span> <span class='ocrx_word' id='word_1_358' title='bbox 250 3993 281 4031; x_wconf 92' lang='lat' dir='ltr'>so</span> <span class='ocrx_word' id='word_1_359' title='bbox 294 3976 474 4048; x_wconf 84' lang='lat' dir='ltr'>permittiug;</span> <span class='ocrx_word' id='word_1_360' title='bbox 493 3983 543 4032; x_wconf 90' lang='lat' dir='ltr'>not</span> <span class='ocrx_word' id='word_1_361' title='bbox 558 3978 586 4030; x_wconf 90' lang='lat' dir='ltr'>in</span> <span class='ocrx_word' id='word_1_362' title='bbox 601 3977 736 4048; x_wconf 84' lang='lat' dir='ltr'>approsal</span> <span class='ocrx_word' id='word_1_363' title='bbox 749 3976 782 4031; x_wconf 83' lang='lat' dir='ltr'>oi</span> <span class='ocrx_word' id='word_1_364' title='bbox 795 3975 843 4030; x_wconf 90' lang='lat' dir='ltr'>tho</span> <span class='ocrx_word' id='word_1_365' title='bbox 856 3975 961 4030; x_wconf 89' lang='lat' dir='ltr'>human</span> <span class='ocrx_word' id='word_1_366' title='bbox 977 3983 1031 4030; x_wconf 91' lang='lat' dir='ltr'>act.</span> 
     </span>
    </p>

    <p class='ocr_par' dir='ltr' id='par_1_10' title="bbox 148 4055 1261 4486">
     <span class='ocr_line' id='line_1_39' title="bbox 204 4055 1261 4139; baseline 0.002 -21"><span class='ocrx_word' id='word_1_367' title='bbox 204 4071 220 4118; x_wconf 81' lang='lat'><strong>5</strong></span> <span class='ocrx_word' id='word_1_368' title='bbox 253 4063 298 4118; x_wconf 92' lang='lat' dir='ltr'>On</span> <span class='ocrx_word' id='word_1_369' title='bbox 321 4061 369 4118; x_wconf 90' lang='lat' dir='ltr'>tho</span> <span class='ocrx_word' id='word_1_370' title='bbox 389 4072 520 4135; x_wconf 79' lang='lat' dir='ltr'>contrary</span> <span class='ocrx_word' id='word_1_371' title='bbox 543 4064 566 4118; x_wconf 91' lang='lat' dir='ltr'>is</span> <span class='ocrx_word' id='word_1_372' title='bbox 589 4064 677 4135; x_wconf 90' lang='lat' dir='ltr'>urged</span> <span class='ocrx_word' id='word_1_373' title='bbox 700 4055 827 4134; x_wconf 87' lang='lat' dir='ltr'>Trajan&#39;s</span> <span class='ocrx_word' id='word_1_374' title='bbox 843 4064 942 4134; x_wconf 77' lang='lat' dir='ltr'>snyiug</span> <span class='ocrx_word' id='word_1_375' title='bbox 960 4063 1040 4119; x_wconf 84' lang='lat' dir='ltr'>when</span> <span class='ocrx_word' id='word_1_376' title='bbox 1059 4062 1096 4121; x_wconf 91' lang='lat' dir='ltr'>ho</span> <span class='ocrx_word' id='word_1_377' title='bbox 1118 4081 1191 4139; x_wconf 84' lang='lat' dir='ltr'>gare</span> <span class='ocrx_word' id='word_1_378' title='bbox 1213 4064 1261 4121; x_wconf 80' lang='lat' dir='ltr'>the</span> 
     </span>
     <span class='ocr_line' id='line_1_40' title="bbox 149 4138 1261 4228; baseline 0 -22"><span class='ocrx_word' id='word_1_379' title='bbox 149 4150 254 4223; x_wconf 86' lang='lat' dir='ltr'>dagger</span> <span class='ocrx_word' id='word_1_380' title='bbox 269 4156 299 4205; x_wconf 87' lang='grc' dir='ltr'>ιο</span> <span class='ocrx_word' id='word_1_381' title='bbox 314 4149 363 4204; x_wconf 92' lang='lat' dir='ltr'>tho</span> <span class='ocrx_word' id='word_1_382' title='bbox 376 4151 532 4204; x_wconf 77' lang='lat' dir='ltr'>Praetorian</span> <span class='ocrx_word' id='word_1_383' title='bbox 545 4151 675 4207; x_wconf 84' lang='lat' dir='ltr'>Preseet:</span> <span class='ocrx_word' id='word_1_384' title='bbox 696 4151 744 4206; x_wconf 77' lang='lat' dir='ltr'>Uoc</span> <span class='ocrx_word' id='word_1_385' title='bbox 758 4151 777 4205; x_wconf 89' lang='lat' dir='ltr'>it</span> <span class='ocrx_word' id='word_1_386' title='bbox 784 4152 840 4221; x_wconf 87' lang='lat' dir='ltr'>sor</span> <span class='ocrx_word' id='word_1_387' title='bbox 852 4168 892 4204; x_wconf 83' lang='lat' dir='ltr'>ore</span> <span class='ocrx_word' id='word_1_388' title='bbox 902 4138 938 4220; x_wconf 67' lang='lat' dir='ltr'>⁸is</span> <span class='ocrx_word' id='word_1_389' title='bbox 947 4151 967 4204; x_wconf 90' lang='lat' dir='ltr'><em>I</em></span> <span class='ocrx_word' id='word_1_390' title='bbox 976 4151 1033 4206; x_wconf 85' lang='lat' dir='ltr'>rnle</span> <span class='ocrx_word' id='word_1_391' title='bbox 1047 4152 1168 4225; x_wconf 69' lang='lat' dir='ltr'>rightlpr</span> <span class='ocrx_word' id='word_1_392' title='bbox 1185 4153 1216 4228; x_wconf 85' lang='lat' dir='ltr'>is</span> <span class='ocrx_word' id='word_1_393' title='bbox 1223 4151 1261 4216; x_wconf 88' lang='lat' dir='ltr'>ill,</span> 
     </span>
     <span class='ocr_line' id='line_1_41' title="bbox 148 4238 1261 4311; baseline 0.002 -18"><span class='ocrx_word' id='word_1_394' title='bbox 148 4239 257 4309; x_wconf 71' lang='lat' dir='ltr'>agebat</span> <span class='ocrx_word' id='word_1_395' title='bbox 276 4255 324 4292; x_wconf 75' lang='lat' dir='ltr'>aare.</span> <span class='ocrx_word' id='word_1_396' title='bbox 363 4238 419 4292; x_wconf 91' lang='lat' dir='ltr'>But</span> <span class='ocrx_word' id='word_1_397' title='bbox 437 4238 539 4307; x_wconf 86' lang='lat' dir='ltr'>Trajan</span> <span class='ocrx_word' id='word_1_398' title='bbox 560 4238 665 4293; x_wconf 73' lang='lat' dir='ltr'>wished</span> <span class='ocrx_word' id='word_1_399' title='bbox 686 4246 715 4293; x_wconf 91' lang='lat' dir='ltr'>to</span> <span class='ocrx_word' id='word_1_400' title='bbox 738 4238 821 4293; x_wconf 76' lang='lat' dir='ltr'>avoid</span> <span class='ocrx_word' id='word_1_401' title='bbox 836 4238 979 4310; x_wconf 85' lang='lat' dir='ltr'>assuming</span> <span class='ocrx_word' id='word_1_402' title='bbox 994 4238 1092 4310; x_wconf 76' lang='lat' dir='ltr'>kingly</span> <span class='ocrx_word' id='word_1_403' title='bbox 1106 4238 1261 4311; x_wconf 73' lang='lat' dir='ltr'>authority,</span> 
     </span>
     <span class='ocr_line' id='line_1_42' title="bbox 148 4318 1261 4400; baseline 0.003 -20"><span class='ocrx_word' id='word_1_404' title='bbox 148 4324 205 4380; x_wconf 88' lang='lat' dir='ltr'>and</span> <span class='ocrx_word' id='word_1_405' title='bbox 222 4332 252 4380; x_wconf 92' lang='lat' dir='ltr'>to</span> <span class='ocrx_word' id='word_1_406' title='bbox 267 4325 303 4380; x_wconf 94' lang='lat' dir='ltr'>bo</span> <span class='ocrx_word' id='word_1_407' title='bbox 317 4343 334 4380; x_wconf 92' lang='lat' dir='ltr'>a</span> <span class='ocrx_word' id='word_1_408' title='bbox 349 4331 413 4379; x_wconf 91' lang='lat' dir='ltr'>truc</span> <span class='ocrx_word' id='word_1_409' title='bbox 429 4325 575 4379; x_wconf 71' lang='lat' dir='ltr'>Gor-crnor</span> <span class='ocrx_word' id='word_1_410' title='bbox 588 4318 758 4400; x_wconf 87' lang='lat' dir='ltr'>(Princeps),</span> <span class='ocrx_word' id='word_1_411' title='bbox 771 4324 827 4379; x_wconf 90' lang='lat' dir='ltr'>and</span> <span class='ocrx_word' id='word_1_412' title='bbox 840 4341 870 4380; x_wconf 92' lang='lat' dir='ltr'>as</span> <span class='ocrx_word' id='word_1_413' title='bbox 886 4324 955 4379; x_wconf 92' lang='lat' dir='ltr'>such</span> <span class='ocrx_word' id='word_1_414' title='bbox 971 4343 1025 4380; x_wconf 83' lang='lat' dir='ltr'>was</span> <span class='ocrx_word' id='word_1_415' title='bbox 1041 4325 1152 4395; x_wconf 87' lang='lat' dir='ltr'>subject</span> <span class='ocrx_word' id='word_1_416' title='bbox 1167 4332 1199 4383; x_wconf 89' lang='lat' dir='ltr'>to</span> <span class='ocrx_word' id='word_1_417' title='bbox 1214 4325 1261 4383; x_wconf 85' lang='lat' dir='ltr'>the</span> 
     </span>
     <span class='ocr_line' id='line_1_43' title="bbox 148 4405 1261 4486; baseline 0.005 -20"><span class='ocrx_word' id='word_1_418' title='bbox 148 4411 205 4467; x_wconf 79' lang='lat' dir='ltr'>will</span> <span class='ocrx_word' id='word_1_419' title='bbox 219 4412 253 4470; x_wconf 81' lang='lat' dir='ltr'>ot</span> <span class='ocrx_word' id='word_1_420' title='bbox 267 4411 317 4470; x_wconf 90' lang='lat' dir='ltr'>tho</span> <span class='ocrx_word' id='word_1_421' title='bbox 337 4412 443 4468; x_wconf 87' lang='lat' dir='ltr'>Senato</span> <span class='ocrx_word' id='word_1_422' title='bbox 456 4411 513 4468; x_wconf 92' lang='lat' dir='ltr'>and</span> <span class='ocrx_word' id='word_1_423' title='bbox 530 4413 650 4486; x_wconf 81' lang='lat' dir='ltr'>people;</span> <span class='ocrx_word' id='word_1_424' title='bbox 670 4412 763 4470; x_wconf 85' lang='lat' dir='ltr'>nhose</span> <span class='ocrx_word' id='word_1_425' title='bbox 781 4411 946 4470; x_wconf 81' lang='lat' dir='ltr'>commanda</span> <span class='ocrx_word' id='word_1_426' title='bbox 964 4410 1014 4470; x_wconf 87' lang='lat' dir='ltr'>tho</span> <span class='ocrx_word' id='word_1_427' title='bbox 1028 4405 1219 4472; x_wconf 51' lang='lat' dir='ltr'>Prefcctre&#39;s</span> <span class='ocrx_word' id='word_1_428' title='bbox 1232 4419 1261 4472; x_wconf 82' lang='grc' dir='ltr'>ιο</span> 
     </span>
    </p>
   </div>
   <div class='ocr_carea' id='block_1_6' title="bbox 0 0 1392 4854">
    <p class='ocr_par' dir='ltr' id='par_1_11' title="bbox 0 0 1392 4854">
     <span class='ocr_line' id='line_1_44' title="bbox 0 0 1392 4854; baseline 0 0"><span class='ocrx_word' id='word_1_429' title='bbox 0 0 1392 4854; x_wconf 95' lang='lat' dir='ltr'> </span> 
     </span>
    </p>
   </div>
  </div>
 </body>
</html>
