2774 4854
80 207 174 273 xxviii
505 218 532 274 J.
557 219 821 277 nunnun’nncu

79 392 156 453 notu
173 384 232 473 (k).
283 384 466 474 Aliquando
484 383 546 450 duo
563 384 632 450 locu
654 385 850 452 diversorum
868 383 1066 472 Scriptorum
1090 383 1124 451 in
1144 407 1202 452 unu

79 486 329 578 compinguntur,
347 496 382 554 ιιι
398 486 515 554 senc-n
532 495 565 554 et
583 486 738 566 Snuscn,
761 486 829 553 Lib.
845 486 887 553 11.
905 507 973 575 cap.
990 507 1025 553 ιι.
1044 490 1060 574 t
1082 487 1134 553 1³.
1154 508 1203 553 nur

78 590 111 667 5,
128 598 204 656 uotu
218 590 276 677 (p).

154 688 332 778 Saepissime
351 696 458 756 eutem
485 688 614 771 Auctor,
641 687 725 755 unde
751 688 871 779 aliquid
899 686 1028 777 petitur,
1058 686 1203 776 simplicit

78 789 203 856 nomino
222 813 278 856 suo
302 790 508 869 indicabatur,
535 788 621 855 nullu
636 789 794 857 mentione
811 792 895 858 sucta
916 788 1041 878 Operis,
1065 787 1163 867 Libri,
1184 811 1203 853 n

78 889 154 957 dum
172 890 292 980 Cupitis
307 899 364 957 uut
381 890 520 968 Versus3
547 889 626 956 edeo
652 899 697 967 ut,
724 890 839 979 siquis
861 891 961 957 locum
983 911 1130 978 quaerere
1153 889 1201 957 vol

78 990 149 1069 erit,
171 1013 264 1079 quem
288 1012 457 1078 numquam
480 989 612 1080 legerat,
637 999 693 1057 eut
716 991 803 1079 cujus
826 1015 888 1058 non
913 991 1110 1069 meminerat,
1136 1012 1203 1056 omn

78 1090 187 1179 Opere
203 1090 324 1157 laudati
342 1089 510 1178 Scriptoris
527 1090 555 1157 ci
573 1090 787 1179 pervolvendo
804 1092 940 1159 suerint:
967 1091 1050 1180 quod
1068 1092 1115 1158 ite
1130 1090 1203 1159 mole

76 1199 143 1259 tum
161 1200 219 1270 est,
236 1189 411 1280 praesertim
426 1191 453 1256 si
468 1213 592 1282 magnre
610 1192 699 1257 molis
713 1191 756 1258 sit
770 1192 920 1270 collectio,
943 1191 1045 1280 qualis
1061 1191 1148 1260 huud
1164 1214 1203 1259 rm

77 1292 222 1374 occurrit,
254 1301 290 1359 ut
316 1290 457 1379 plerique
481 1293 629 1358 Lectores
657 1291 768 1359 malint
790 1293 930 1372 Auctori,
956 1293 1040 1358 forte
1069 1314 1203 1381 perpere

76 1391 154 1458 ulios
170 1391 203 1457 in
220 1391 429 1458 testimonium
447 1393 579 1468 recenti,
597 1392 691 1458 fidem
708 1392 837 1474 hebere,
861 1405 1010 1470 omrem,
1033 1392 1074 1459 de
1092 1413 1203 1483 queue

77 1500 140 1570 tur,
157 1514 220 1557 nou
236 1491 312 1557 setis
333 1490 518 1581 intelligec,
541 1515 633 1581 quam
656 1501 778 1559 tuntum
801 1493 939 1560 laborem
964 1493 1128 1581 queercudi
1148 1492 1203 1559 ini

77 1591 242 1680 suscipere,
256 1614 325 1687 cum
342 1591 479 1680 periculo
496 1592 589 1659 etiem
606 1615 710 1681 opcrae
727 1593 846 1661 frustra
861 1595 1019 1681 impcnsce.
1058 1593 1203 1682 Aliquem

76 1690 229 1780 equidem,
247 1693 296 1759 rel
314 1715 353 1759 en
367 1691 535 1772 Iudicibus,
555 1693 605 1759 rol
621 1717 663 1759 ox
680 1695 829 1761 memoria
844 1707 962 1772 nostra,
980 1692 1032 1761 rel
1048 1715 1089 1760 ex
1106 1716 1142 1761 re
1157 1693 1203 1784 ips

75 1791 143 1858 loce
157 1793 300 1879 quaednm
317 1793 403 1860 haud
419 1792 465 1860 ite
482 1793 645 1860 difficulter
661 1794 817 1882 potuimus
833 1795 984 1860 invenire.
1025 1794 1090 1861 Sed
1101 1794 1203 1884 plerun

75 1891 226 1980 quoinde
242 1893 320 1958 nibil
343 1893 431 1960 nobis
455 1904 526 1960 erat
541 1893 679 1971 subsidii,
702 1905 738 1960 ut
754 1916 794 1961 cx
810 1894 940 1983 propriu
957 1895 1153 1984 experientia
1168 1917 1203 1984 qu

75 1992 132 2071 vis,
158 1991 184 2059 si
203 1993 289 2070 uelit,
315 1993 405 2059 facile
424 1994 541 2083 poterit
564 1993 748 2083 intelligere.
798 1994 870 2061 Hoc
896 2006 1000 2062 tnmcu
1018 2018 1081 2062 non
1103 1996 1203 2063 obstiti

74 2091 238 2180 quominus
254 2093 322 2160 loca
336 2092 404 2159 lere
421 2094 534 2171 omnia,
554 2116 625 2181 quae
641 2094 770 2181 alicujus
785 2105 876 2161 erant
893 2095 1052 2174 momenti,
1072 2096 1163 2163 citius
1178 2117 1203 2163 ιιι

74 2192 174 2260 serius
198 2192 428 2260 invenerimus:
456 2194 535 2260 ndeo
561 2205 597 2260 ut
622 2217 693 2281 quse
717 2194 821 2261 adhuc
846 2194 1033 2263 invenienda
1056 2218 1203 2286 supersun

73 2302 131 2360 eut
155 2315 176 2359 u
201 2293 290 2360 nobis
315 2293 497 2384 investigari
521 2316 583 2360 non
608 2303 787 2382 potuerunt,
813 2296 897 2383 quod
915 2296 1013 2375 Libri,
1033 2298 1120 2363 unde
1136 2297 1203 2364 ιιάιιι

73 2402 196 2472 cuntur,
218 2416 280 2460 uon
298 2403 401 2461 essent
417 2394 458 2461 ud
476 2416 612 2469 manum,
636 2394 819 2482 paucissimo
835 2396 907 2474 sint,
934 2417 1001 2484 proe
1019 2397 1155 2463 maximo
1176 2419 1203 2463 m

73 2515 160 2560 moro
176 2504 382 2582 repertorum,
406 2504 439 2562 ct
459 2494 729 2562 adcuratissimeu
751 2496 841 2563 nobis
864 2496 913 2562 rol
936 2496 1053 2586 inipso
1073 2507 1203 2564 contexti

73 2593 124 2660 rel
140 2592 173 2659 in
190 2596 342 2685 margine,
357 2595 452 2661 celin
469 2596 570 2675 Notis,
590 2594 834 2685 designatorum.
875 2598 1120 2686 Nonnumquam
1132 2597 1203 2686 ipsu

72 2715 186 2761 nemen
203 2694 381 2783 Scriptoris,
406 2718 445 2761 cx
463 2718 524 2783 quo
542 2697 641 2762 rerba
658 2698 801 2782 quedem
827 2699 946 2763 Auctor
969 2707 1076 2765 noster
1094 2697 1203 2785 exseri]

72 2803 167 2872 seret,
190 2794 310 2862 incuria
325 2796 428 2861 nescio
448 2796 544 2883 cujus,
571 2796 716 2862 omissum
739 2795 853 2876 fuerat,
880 2807 916 2864 ut
936 2799 1088 2864 Drononr
1107 2798 1203 2865 Sreun

72 2893 142 2960 Lib.
164 2895 208 2961 Il.
239 2917 307 2984 cap.
332 2918 391 2962 xx.
421 2899 507 2984 530,
536 2905 611 2963 note
629 2899 678 2982 (s).
733 2897 814 2964 Sunt
843 2897 937 2963 etiem
967 2896 1045 2976 locu,
1077 2919 1149 2987 quoe
1178 2897 1203 2965 di

70 2994 190 3061 frustra
207 2996 347 3082 quoesite,
365 2997 563 3084 quantumuis
584 2995 735 3085 pertinaci
760 2997 877 3075 labore,
899 3020 1069 3086 numquum
1091 2998 1204 3087 reperii

70 3094 287 3183 potuissemus,
309 3096 367 3161 nisi
383 3096 466 3162 forte
483 3096 566 3162 aliud
584 3097 707 3184 egendo
731 3119 798 3163 sose
822 3097 911 3164 uobis
934 3121 974 3165 ex
990 3098 1162 3187 improviso
1177 3097 1203 3165 ol

70 3194 222 3262 tulissent.
274 3196 318 3262 Et
333 3205 437 3262 tumen
456 3195 531 3261 tulin
553 3195 711 3261 interdum
729 3197 860 3284 pessime
884 3197 1002 3276 adleta,
1028 3208 1086 3265 eut
1111 3208 1203 3286 aptet

70 3294 352 3382 deprehendimus:
387 3294 473 3382 cujus
506 3295 552 3360 rci
581 3295 737 3384 specimen
771 3297 985 3386 suppeditabit
1017 3298 1203 3388 srugmeutm

69 3397 228 3483 Dionysii
244 3397 372 3464 Milesii
392 3395 476 3485 opud
494 3396 769 3475 Ριιιιοιτιιιιτιιιι,
795 3397 878 3464 undo
895 3399 1015 3465 Auctor
1031 3408 1141 3466 noster
1156 3407 1203 3465 tue

69 3504 121 3562 tus
142 3495 221 3563 illud
245 3497 406 3574 retulerat,
435 3496 505 3562 Lib.
533 3495 579 3563 11.
609 3519 675 3586 cap.
692 3519 774 3564 xxv.
804 3501 868 3586 59.
899 3520 985 3565 uum.
1014 3501 1046 3567 1.
1073 3499 1130 3567 ubi
1159 3497 1203 3566 rit

68 3604 173 3663 notum
193 3599 224 3664 8.
1148 3628 1151 3633 ’

144 3697 208 3766 Sed
225 3708 258 3766 et
273 3698 357 3776 alibi,
381 3698 447 3766 sire
468 3698 568 3777 facile,
594 3698 661 3765 sire
678 3699 842 3767 difficulter
864 3700 933 3767 loca
949 3699 1078 3768 laudate
1101 3699 1203 3772 iurent

66 3797 192 3865 anobis
208 3798 333 3877 suerint,
360 3823 484 3867 errores
508 3801 587 3866 benc
610 3800 722 3866 multos
744 3799 989 3879 observavimus,
1014 3810 1081 3868 tum
1106 3803 1139 3871 iu
1155 3803 1203 3872 loc

66 3896 237 3965 Auctorem
259 3900 472 3966 exscribendis
494 3911 551 3966 eut
573 3899 741 3976 vertendis,
765 3909 833 3967 turn
857 3899 889 3965 in
907 3922 1015 3967 eorum
1038 3901 1081 3968 nd
1097 3925 1166 3971 rem
1182 3904 1203 3995 ip

66 4014 144 4077 um,
160 3998 202 4066 de
218 4021 281 4087 que
300 4000 416 4089 egitur,
438 4000 735 4067 adcommodatione.
788 4001 912 4066 Horum
929 4000 1066 4069 emnium
1083 4006 1203 4096 exempl

65 4095 210 4167 'columen
236 4099 389 4189 aperienti
418 4101 523 4166 stetim
550 4122 617 4166 sese
643 4100 785 4167 offerent.
834 4101 909 4167 Loci
940 4101 1031 4170 simul
1061 4126 1203 4195 perperci

65 4191 213 4289 descripti
230 4210 264 4268 ct
280 4201 363 4267 rersi
378 4224 474 4267 unum
492 4200 631 4266 indicare
647 4202 824 4268 suffecerit:
850 4201 877 4267 is
894 4212 943 4272 est
960 4204 982 4270 J
985 4226 1116 4284 ossum,
1141 4205 1203 4295 cujt

86 4296 166 4365 urbe
186 4301 366 4369 reseruntur
389 4301 459 4371 Lib.
477 4302 504 4368 1.
528 4323 596 4389 cup.
613 4322 656 4369 ιι.
685 4310 699 4390 ξ
718 4303 749 4382 7,
773 4313 849 4369 uota
864 4305 924 4390 (y).
972 4305 1094 4371 Auctor
1109 4316 1203 4373 noster

86 4398 238 4485 tumber,
255 4401 424 4470 secuudum
440 4401 601 4491 quosdam,
617 4424 704 4492 spem
721 4403 958 4471 resurrectionis
975 4425 1117 4472 caussam
1131 4404 1203 4474 fuiss
