2774 4854
88 234 238 308 cmm]
488 241 532 298 In·
555 241 808 300 surmuoltus.
1140 238 1203 309 l't'7

167 411 189 476 2
222 407 269 476 ho
286 408 362 476 mihi
375 408 532 488 sidentur,
550 410 605 498 qui
617 421 726 478 contra
743 411 890 490 sentiunt,
909 411 1001 480 talem
1019 420 1136 481 statum
1153 434 1205 481 ro-

88 535 160 579 rum
191 511 349 589 inducere,
376 510 500 599 qualem
527 512 647 600 antiqui
682 512 904 581 fabulabantur
929 514 962 579 in
988 515 1064 581 coelo
1097 514 1202 592 fnisse,

87 624 258 702 antequam
276 612 423 701 majestas
440 613 585 691 oriretur,
618 634 680 700 quo
698 623 839 701 tempore
861 614 949 682 aiunt
967 614 1101 680 minores
1118 615 1204 681 Deos

87 716 111 781 J
113 715 164 780 ori
180 736 243 781 non
259 712 453 780 concessisse.
485 713 529 780 At
541 713 567 778 is
579 736 670 800 quem
687 714 752 780 dixi
770 715 878 793 ¹’ordo,
896 726 928 782 ct
942 710 1201 797 inobltnhmno'r,

89 836 154 881 non
179 824 302 881 tantum
328 836 421 881 seusu
445 814 598 880 communi
623 815 840 906 cognoscitur:
865 817 949 884 undo
973 814 1050 883 illud
1074 813 1201 905 [Senon.

97 917 230 1002 Tbyest.
249 936 329 982 rens.
349 911 453 1004 612]:

353 1035 446 1093 Omue
459 1036 512 1093 sub
528 1054 615 1111 regno
629 1038 757 1112 graviore
772 1055 891 1112 reginum
906 1043 958 1095 cst.

89 1136 134 1202 Et
151 1132 273 1223 Papinii
288 1133 366 1204 illud
385 1133 463 1224 [111.
483 1138 571 1224 Sylu.
587 1138 618 1203 3.
637 1160 719 1207 sors.
737 1142 792 1216 49,
809 1139 891 1231 50J=

527 1259 597 1317 Vico
612 1267 715 1317 cuncta
728 1269 882 1334 regunturs

352 1345 532 1419 Alternisque
547 1355 658 1419 regunt.

90 1449 134 1514 Et
151 1445 340 1536 lAugustini
357 1446 472 1514 dictum
491 1447 627 1514 celebre:
648 1450 743 1535 Ipsos
759 1450 980 1514 lamminarum
997 1469 1107 1514 renem
1121 1468 1203 1533 qro-
1214 1464 1362 1554 alm}

88 1551 153 1615 dtas
178 1550 336 1614 adverte:
364 1550 396 1614 ai
419 1549 551 1635 aliquid
570 1549 710 1631 jusserit
736 1562 880 1624 curator,
894 1547 1116 1634 jaciendum:
1138 1538 1276 1613 nonsit

90 1661 209 1725 tannen,
236 1651 267 1715 si
292 1660 407 1715 contro
429 1648 608 1734 proconsul
623 1648 762 1731 jubeat:
793 1661 852 1713 aut
878 1651 909 1714 si
933 1647 1046 1715 consul
1069 1647 1204 1735 aliquid

80 1751 210 1834 jubeat,
236 1761 266 1814 et
289 1749 387 1814 aliud
411 1751 619 1836 Imperator:
649 1771 712 1813 nou
736 1751 847 1836 utiquc
867 1748 1042 1814 contemnis
1059 1759 1203 1834 potesta·

89 1862 162 1925 tem,
186 1851 243 1916 ced
259 1850 355 1935 eliqia
371 1850 491 1935 mojori
510 1850 653 1915 seruire:
679 1871 737 1914 nec
756 1850 833 1916 birro
853 1850 942 1915 <lebet
959 1849 1067 1913 ntiuor
1086 1848 1201 1926 irasci.

87 1952 120 2016 ei
143 1951 249 2034 major
268 1950 433 2035 proelotus
457 1961 512 2017 est.
559 1949 602 2014 Et
626 1948 685 2014 hoe
707 1949 846 2036 ejusdem
869 1947 909 2014 do
932 1946 1053 2015 Pilato:
1086 1948 1201 2015 Talem
1214 1966 1365 2054 'egloga

88 2054 210 2138 quiippe
227 2052 320 2117 Deus
336 2052 471 2117 dederat
489 2049 544 2115 illi
563 2062 767 2137 potestaten,
790 2063 826 2116 ut
842 2061 921 2116 essct
937 2049 1039 2116 etiam
1056 2050 1125 2137 ipsc
1141 2047 1201 2116 sub
1254 2024 1288 2065 μ’

90 2153 238 2219 caesaris
249 2163 419 2238 potestate.

163 2253 185 2316 3
221 2252 284 2317 Sed
302 2263 335 2318 et
351 2251 456 2318 diuina
474 2249 627 2339 probatur
642 2251 837 2319 auctoritate.
879 2250 962 2317 Nam
981 2248 1198 2339 Apostolorum
1213 2268 1273 2355 ¹1¹1}
1284 2266 1337 2308 m.

87 2351 235 2441 princeps
258 2351 414 2438 subjectos
436 2373 492 2417 nos
513 2373 580 2417 osso
597 2353 666 2418 nult
688 2352 781 2419 aliter
798 2350 877 2442 regi,
899 2351 992 2418 aliter
1011 2348 1201 2439 magistrati·

89 2453 168 2519 bus:
200 2451 279 2542 rogi,
306 2461 342 2518 ut
373 2450 625 2539 supereminenti,
660 2453 692 2519 id
723 2461 781 2532 est,
813 2452 881 2518 sino
910 2450 975 2518 ulla
1008 2448 1200 2538 exceptione,

87 2563 206 2642 praetor
226 2573 264 2618 ea
287 2574 358 2639 qum
377 2552 462 2617 Deus
484 2551 603 2618 directe
623 2551 768 2640 imporat,
792 2552 845 2641 qui
871 2550 994 2640 injuriae
1015 2548 1199 2640 patientiam

87 2653 212 2741 probat,
239 2674 300 2717 non
323 2650 498 2718 interdicit:
519 2652 764 2742 magistratibus,
784 2662 934 2740 tunquam
952 2650 1052 2717 missis
1070 2670 1092 2715 a
1111 2670 1199 2739 rege,

86 2753 120 2819 id
146 2764 194 2819 est
220 2761 406 2840 potestatem
432 2773 519 2817 suum
545 2774 565 2818 a
589 2775 667 2844 rege
690 2752 884 2822 ducentibus.
927 2752 1062 2818 Etcum
1084 2748 1200 2816 Paulus

37 2856 39 2862 ’
86 2875 211 2919 omnem
244 2852 378 2918 animam
408 2852 561 2938 supremis
591 2854 797 2940 potestatibus
825 2875 893 2918 csse
920 2850 1091 2938 subjectam
1119 2847 1352 2927 vultuum

86 2954 182 3021 etiam
206 2952 406 3043 magistratus
432 2952 595 3018 inferiores
620 2953 750 3019 inclusit.
805 2954 917 3041 Neque
937 2951 969 3017 in
993 2949 1108 3040 popolo
1131 2949 1200 3023 Ho-

87 3055 184 3131 broeo,
203 3053 255 3120 ubi
274 3063 320 3120 tot
335 3053 424 3120 sucro
446 3074 537 3142 reges
557 3052 653 3119 divini
671 3051 860 3139 humanique
874 3051 954 3141 juris
971 3059 1193 3128 contemtores,

85 3253 177 3300 familis
192 3251 364 3312 paterfamilias
380 3251 479 3312 primns,
496 3249 551 3296 inde
567 3263 618 3296 rna·
710 3248 877 3311 sAuqmtim]
905 3248 985 3296 llabet
1011 3262 1088 3310 propo
1115 3248 1199 3296 “deur

85 3329 235 3384 teriuniilias,
262 3327 319 3375 inde
344 3327 396 3384 utu,
418 3342 473 3374 mox
503 3327 618 3372 ordinarii
668 3326 822 3382 Augustinus
832 3338 991 3374 sermonen.
1008 3326 1034 3372 in
1055 3323 1199 3373 Μαθο-

85 3404 159 3457 usti.
190 3411 313 3464 postremo
343 3403 405 3450 unt
433 3403 524 3451 rimril.
554 3401 618 3449 tto·
667 3399 732 3445 atas

86 3478 285 3541 (nqwstomum
295 3492 314 3526 ι.
326 3479 358 3527 sd
369 3478 481 3527 Corinth
493 3477 542 3525 sili.
551 3478 574 3524 θ.

84 3749 205 3806 interior
216 3748 402 3821 magistrates,
417 3746 525 3820 though
544 3746 641 3820 public
659 3763 776 3820 persons
791 3745 858 3802 with
877 3747 977 3820 segurd
991 3755 1021 3804 to
1036 3748 1112 3806 thelr
1125 3749 1198 3809 luso-
1311 3765 1325 3828 p

84 3838 167 3898 tiore,
179 3851 227 3889 are
239 3837 348 3908 private
360 3852 478 3908 persons
490 3833 557 3889 nith
570 3834 669 3904 regard
684 3842 713 3888 to
726 3832 801 3887 their
813 3835 963 3906 superiore.
997 3836 1044 3909 All
1051 3836 1198 3913 authority
1333 3846 1338 3854 '
1353 3829 1364 3857 Ι

83 3923 107 3991 Ιι
126 3920 237 3990 suldoet
248 3930 282 3986 to
301 3921 524 3993 thoSoscrcign
538 3921 700 3992 authorit53
718 3919 776 3976 and
792 3920 864 3978 what
882 3922 904 3977 is
919 3928 969 3977 not
988 3923 1063 3981 douo
1082 3923 1121 3999 hy
1135 3925 1218 3983 thot.

83 4009 231 4078 authority
249 4008 270 4061 is
286 4024 302 4060 a
318 4003 427 4079 private
440 4017 495 4062 act.
536 4006 604 4075 [Soc
620 4007 668 4062 tbc
683 4006 840 4062 Scholastic
857 4003 994 4081 reasons]

138 4101 155 4149 2
178 4094 240 4148 The
252 4100 325 4148 stato
338 4094 371 4148 ot
386 4093 480 4165 things
496 4093 561 4147 thus
573 4093 715 4148 defended
732 4095 754 4147 is
770 4094 826 4148 like
842 4093 903 4150 that
922 4096 1017 4153 sablcd
1037 4098 1067 4153 ln
1081 4098 1199 4166 hmvem,

83 4180 166 4237 when
183 4179 231 4236 tho
247 4181 339 4235 minor
354 4180 462 4236 Deitios
480 4179 604 4235 rebelled
620 4181 729 4241 aminst
745 4181 824 4235 Jove.
862 4183 924 4237 The
938 4184 1152 4241 subordlnation
1167 4185 1202 4242 οΙ

82 4269 122 4325 ull
136 4280 166 4326 to
182 4267 231 4324 rho
247 4268 385 4341 Supremo
398 4269 497 4322 Pon-cr
513 4268 535 4322 is
548 4268 712 4341 mengniucd
726 4269 762 4342 by
774 4284 906 4324 common
918 4286 1016 4338 sense;
1030 4272 1060 4326 in
1073 4272 1198 4340 Senem

83 4357 237 4430 Papinius3
257 4354 422 4429 Augustino.
456 4351 549 4423 [Sco]

139 4449 156 4500 3
171 4443 236 4500 And
248 4443 308 4500 also
320 4443 358 4518 by
370 4442 473 4499 Divino
487 4441 654 4518 hutliorit53
669 4442 819 4519 capsacem
828 4443 866 4519 by
876 4444 972 4513 Peter,
980 4444 1063 4513 Paul,
1072 4445 1208 4508 &nnat

187 4587 323 4682 [ποτ’]
1027 4543 1096 4611 012
