2752 4844
638 182 694 248 xxi

60 364 192 442 Quam
210 364 497 453 reru-pulchrum
512 363 591 443 hoc,
609 384 715 449 quam
738 361 939 451 gloriosum,
959 385 1063 449 quam
1080 360 1148 450 ipsi
1164 384 1248 430 con·

61 481 235 548 scientiae
258 481 387 562 latum,
410 490 452 549 ut
476 483 506 551 si
533 481 674 568 quando
696 481 750 548 Te
771 482 871 550 Deus
892 482 939 548 ad
962 504 1063 550 suum
1086 502 1247 566 regnum,

65 599 172 683 qnod
206 599 319 667 solum
354 608 418 669 tuo
449 601 575 669 melius
609 608 674 678 est,
708 601 897 676 vocaverit,
930 601 1101 668 audacter
1134 598 1245 687 possis

66 717 219 784 dicere:
238 718 344 786 Hune
361 740 430 807 ego
446 740 469 785 a
485 718 540 786 Te
557 716 715 806 gladium
733 740 797 806 pro
814 717 966 785 Justitiae
985 718 1097 785 tutela
1113 716 1245 804 accepi,

68 834 171 901 bunc
189 834 255 902 tibi
272 835 399 903 nullius
416 843 552 904 temere
562 828 638 902 'fusi
656 834 836 922 sanguinis
852 856 961 917 reum,
976 857 1112 921 purum,
1130 834 1245 901 inson-

69 962 222 1038 temque
249 953 372 1021 rcddo.
425 953 483 1020 Ita
508 953 582 1029 fiet,
609 957 652 1019 ut
684 974 771 1037 quas
803 974 868 1019 nos
900 973 994 1019 nune
1025 952 1166 1039 regulus
1197 973 1244 1019 ex

70 1068 177 1137 libris
204 1071 366 1158 petimus,
394 1070 432 1138 in
462 1076 643 1158 posterum
671 1090 718 1137 ex
745 1071 832 1137 Tuis
857 1070 1054 1137 actionibus
1076 1076 1244 1155 tanquam

72 1209 123 1254 ex
151 1188 408 1274 perfectissimo
440 1186 634 1275 exemplari
662 1194 836 1276 petantur.
891 1187 995 1268 Quod
1022 1188 1136 1274 ipsum
1163 1208 1244 1254 eum

72 1305 123 1371 sit
151 1305 354 1382 maximum,
386 1304 465 1393 pius
496 1311 617 1373 tomen
649 1305 783 1391 aliquid
808 1329 830 1373 a
855 1308 909 1374 Te
941 1305 1086 1393 exigere
1111 1303 1246 1372 nudent

74 1422 359 1490 Christianorum
381 1423 522 1511 populi:
547 1435 590 1491 ut
613 1424 750 1491 sedicet
775 1424 959 1493 exstinctis
983 1423 1112 1509 ubique
1140 1421 1246 1489 armis

72 1561 149 1627 pax
167 1561 231 1606 sua
251 1562 323 1607 non
346 1540 502 1628 imperiis
522 1547 674 1618 tantum,
692 1542 755 1609 sed
773 1549 812 1610 et
829 1541 997 1609 Ecclesiis
1014 1541 1068 1609 Te
1085 1542 1245 1607 Auctore

72 1656 216 1732 redeat,
232 1656 418 1742 discatque
443 1665 565 1725 nostra
585 1666 672 1726 aetas
689 1659 872 1725 arbitrium
889 1659 1007 1726 subire
1025 1659 1101 1745 ejus
1118 1657 1244 1735 aetatis,

72 1796 185 1861 quam
210 1795 294 1841 vera
324 1774 530 1861 sinceraque
555 1775 626 1843 fide
653 1775 886 1843 Christianam
920 1775 1028 1843 fuisse
1055 1773 1245 1842 Christiani

70 1912 203 1959 omnes
228 1891 441 1978 profitemur.
493 1892 667 1960 Pertiesos
687 1892 941 1959 discordiarum
958 1891 1093 1959 animoa
1110 1890 1247 1960 excitat

71 2009 112 2075 in
130 2008 226 2076 hane
241 2030 341 2098 spem
358 2030 482 2077 recens
503 2014 686 2076 eontracta
710 2010 804 2076 inter
820 2009 874 2077 Te
892 2016 930 2076 et
952 2008 1246 2095 sapientissimum

71 2125 246 2213 pacisque
278 2124 370 2193 illins
401 2130 534 2193 sanctae
567 2126 845 2193 amantissimum
880 2126 1022 2213 Magnae
1056 2125 1245 2192 Britanniae

71 2242 218 2329 Regem
234 2243 399 2319 amicitia,
416 2249 455 2310 et
471 2242 748 2330 arupieatissimo
767 2242 903 2310 Sororis
920 2243 1005 2310 Τιιιο
1022 2243 1246 2309 matrimonio

69 2359 261 2427 foederata
313 2359 467 2428 Difficile
490 2361 684 2447 negotium,
711 2367 856 2449 propter
879 2361 996 2427 studia
1012 2360 1165 2448 partium
1182 2359 1247 2446 gli·

69 2476 261 2545 scentibus
291 2476 328 2543 in
361 2476 439 2545 diea
470 2476 561 2544 odiis
593 2477 830 2543 inflammata:
862 2476 926 2545 sed
952 2477 1061 2544 tantis
1087 2476 1246 2564 Regibus

70 2591 166 2658 nmil
192 2592 349 2680 dignum,
372 2592 441 2661 nisi
469 2592 565 2680 quod
591 2593 741 2670 difficile,
768 2593 834 2660 nisi
861 2594 956 2679 quod
981 2593 1059 2660 aliis
1084 2593 1246 2661 omnibus

71 2708 319 2796 desperatum.
368 2710 468 2779 Deus
493 2710 600 2798 pacis,
624 2710 725 2778 Deus
747 2710 905 2797 justitiae,
931 2711 1010 2778 Rex
1030 2711 1138 2797 juste,
1166 2709 1246 2779 Rex

70 2826 239 2912 pacifice,
264 2848 345 2894 eum
376 2825 453 2895 aliis
486 2826 588 2895 bonis
622 2827 784 2895 omnibus
813 2833 889 2894 tum
915 2825 982 2895 hac
1007 2827 1116 2894 etiam
1141 2827 1246 2895 laude

71 2941 240 3010 cumulet
256 2943 369 3011 Tuam
387 2944 467 3014 Suae
482 2944 680 3033 proximum
695 2944 931 3029 Majestatem.
958 2944 1017 3012 cIn
1032 2944 1071 3012 Io
1082 2965 1191 3011 cxxv.
