2752 4844
256 206 321 271 220
507 214 563 272 ΒΕ
582 215 698 272 BELLI
719 216 866 281 cat'sls,
886 215 937 270 BT
957 215 1120 274 Pltnttm
1248 208 1323 295 [lam
1364 168 1369 176 Ι

257 380 416 448 homicidii
438 379 607 447 tenebitur.
653 381 789 448 Accedit
808 381 894 468 quod
911 391 977 446 tnm
999 378 1055 445 diu
1077 401 1179 467 quam
1203 389 1302 446 noctu
1326 380 1371 446 lex

258 481 423 548 duodecim
445 480 625 546 tabularum
647 480 768 569 exegit,
793 494 831 548 ut
852 480 948 568 isqui
970 479 1073 544 furem
1098 478 1370 566 deprehendisset,

147 608 202 646 esve
258 605 329 648 cnm
346 582 483 647 clamore
498 579 532 646 id
548 578 779 658 testificentur,
805 584 862 647 ⁵ut
883 603 924 646 ex
943 579 1021 646 Caio
1037 577 1199 655 discimus,
1228 577 1370 642 nimirum

117 671 134 774 ὀ
161 691 167 700 ’
195 657 217 693 μ
260 694 295 748 ut
312 683 339 747 si
355 681 425 747 lieri
441 689 557 768 posset,
582 700 750 745 concursus
770 703 809 747 ee
833 681 925 745 fieret
949 677 1197 766 magistratuum
1220 686 1281 742 aut
1302 677 1370 741 rici·

259 804 373 848 norum
397 780 440 846 ad
465 777 617 846 auxilium
644 790 678 845 et
705 781 927 847 testimenium.
979 776 1062 855 Quia
1093 799 1175 842 nero
1205 798 1368 841 eoueursus

260 882 333 948 telis
348 881 389 946 de
404 880 457 947 die
473 879 593 945 lacibus
608 879 746 946 hahetur
759 903 854 968 quam
871 879 913 944 de
929 886 1032 952 nocte,
1052 887 1090 941 ut
1106 887 1201 942 notet
1220 875 1367 963 Ulpianus

259 982 303 1047 nd
319 980 413 1046 medo
428 978 599 1045 indimtum
614 978 837 1047 Demosthenis
854 978 966 1055 lecum,
987 975 1060 1041 ideo
1078 975 1121 1042 de
1140 987 1303 1044 noeturno
1318 997 1364 1062 pe

259 1079 359 1146 rieule
375 1078 569 1145 asseret-mi
586 1079 687 1168 magis
703 1081 850 1146 ereditur.
1319 1075 1324 1084 ’

335 1182 358 1245 4
393 1178 454 1245 cui
476 1177 576 1245 simile
595 1189 646 1246 est
666 1179 752 1266 qued
775 1179 827 1245 lex
845 1177 986 1243 Hehraes
999 1175 1137 1263 “puellae
1160 1177 1203 1243 de
1227 1176 1262 1242 si
1288 1175 1365 1243 illata

210 1275 217 1287 '
259 1281 293 1346 iu
308 1302 388 1368 ngro
404 1279 473 1346 ruit
488 1278 585 1356 credi,
610 1278 643 1344 iu
659 1279 739 1344 urbe
752 1300 816 1344 non
832 1277 918 1354 item,
941 1276 1016 1364 quin
1031 1276 1172 1343 elamore
1189 1299 1364 1344 concursum

259 1378 344 1446 ciere
367 1379 525 1467 potuitne
547 1378 665 1445 debuit
716 1377 769 1444 Ad
790 1377 954 1464 superiore
980 1384 1015 1443 et
1037 1377 1098 1442 hoe
1122 1377 1262 1456 aceedit,
1288 1375 1363 1463 quod

260 1479 382 1546 etiamsi
398 1489 505 1546 cetera
520 1487 622 1544 wer*
640 1477 741 1566 paris,
759 1485 867 1542 nmen
883 1498 955 1563 quse
975 1483 1068 1542 necte
1088 1476 1251 1553 accidunt,
1274 1476 1364 1542 miuus

260 1578 430 1667 explorari,
450 1587 483 1645 et
504 1578 609 1665 qualia
630 1587 810 1664 quantaque
830 1576 895 1642 sint
920 1575 1065 1665 eognesei
1092 1587 1251 1663 possunt:
1275 1596 1365 1662 eoque

259 1689 334 1745 sunt
348 1676 546 1744 terribiliora.
597 1678 665 1742 Lex
692 1699 770 1766 ergo
793 1686 859 1742 ιιιοι
876 1676 1017 1742 chrms
1038 1697 1135 1762 quam
1160 1678 1317 1753 llomana,
1338 1674 1366 1740 id

260 1776 346 1865 qued
362 1775 477 1843 enritas
492 1775 614 1854 suadet,
630 1776 750 1843 eirihus
761 1776 826 1842 suis
843 1775 1003 1864 praesepit,
1019 1796 1170 1861 nequem
1184 1776 1367 1842 interficiunt

260 1876 332 1944 ideo
349 1876 506 1943 denunt
530 1874 605 1963 quia
629 1898 696 1940 rem
720 1876 856 1950 furatur,
882 1875 938 1940 sed
956 1882 992 1940 ut
1009 1873 1044 1940 id
1063 1874 1110 1940 its
1133 1874 1264 1941 demum
1284 1875 1368 1941 lieest

260 1977 288 2044 si
314 1976 418 2063 isqui
444 1997 512 2042 rem
536 1997 624 2042 suam
647 1997 775 2042 serrare
797 1973 898 2040 voluit
913 1973 982 2062 ipse
1003 1972 1038 2039 in
1054 1972 1228 2040 discrimen
1245 1973 1367 2042 venerit

260 2078 367 2143 Moses
383 2074 590 2143 lleimouides
607 2074 740 2152 notavit,
761 2073 945 2162 permissam
961 2072 1087 2162 prirnto
1104 2073 1228 2140 homiui
1245 2073 1368 2141 ulterius

259 2175 507 2243 interiectionem
530 2197 594 2241 uon
618 2173 720 2250 sliter,
747 2174 806 2239 nisi
828 2183 866 2240 ut
887 2183 1033 2240 servetur
1051 2172 1096 2251 id,
1119 2172 1208 2259 qued
1224 2182 1277 2241 est
1297 2173 1369 2240 irre

258 2275 410 2367 parabile,
437 2283 473 2343 ut
490 2275 557 2342 ritu
573 2283 607 2340 et
624 2272 782 2362 pudicitie.

335 2375 428 2441 Xlll.
481 2377 501 2439 l
538 2372 622 2452 Quid
640 2394 716 2438 sero
735 2373 803 2459 jam
828 2371 870 2438 ds
895 2369 968 2461 lege
986 2372 1184 2459 Evangelicu
1207 2372 1370 2440 dicemus?

258 2475 342 2542 idem
359 2475 400 2541 ab
415 2495 454 2541 es
465 2473 616 2562 permitti,
642 2471 726 2559 quod
743 2469 886 2561 permisit
902 2471 955 2538 lex
971 2472 1115 2561 Moysisg
1141 2495 1185 2539 an
1202 2482 1241 2542 ut
1258 2473 1291 2540 in
1307 2471 1371 2540 eliis

257 2636 265 2646 '
303 2635 382 2683 ‘Sed
403 2636 494 2683 clamer
512 2634 554 2682 iile
575 2648 623 2680 non
644 2634 751 2694 exigitur
773 2649 789 2681 s
838 2633 940 2682 lieodtii
952 2632 1224 2685 Obrm.le.1.c.15.
1258 2634 1331 2684 m.

258 2712 393 2760 Duodecim
418 2713 496 2759 Tnbh.
522 2711 724 2758 Additamentnm
750 2716 789 2757 est
883 2709 1006 2756 'Puelloe
1025 2709 1055 2756 de
1073 2709 1098 2755 ri
1116 2709 1141 2754 in
1158 2725 1222 2770 apro
1237 2710 1312 2758 illata
1326 2710 1371 2757 etit

259 2787 315 2835 Geli
333 2787 546 2848 tenementum
564 2786 618 2845 agit
641 2791 737 2831 tantum
757 2786 788 2833 de
838 2785 916 2846 credi]
937 2785 1005 2832 Bene
1019 2785 1044 2832 ld
1059 2784 1166 2846 explicet
1180 2786 1261 2843 Phile,
1272 2786 1372 2833 utloeus

258 2863 442 2925 LegeAqullin
464 2862 527 2909 Vide
537 2861 635 2909 omnino
645 2860 737 2907 laudati
748 2861 787 2909 cl.
838 2861 1012 2922 frequentioris
1027 2861 1133 2922 exempli
1148 2863 1372 2924 enunsitpodtm,

259 3111 320 3166 tion
331 3125 434 3173 censes,
449 3107 505 3163 snd
517 3107 554 3163 he
569 3108 592 3162 is
604 3108 695 3182 guilty
706 3109 740 3164 oi
748 3109 899 3166 homicide.
931 3109 996 3165 ddd
1011 3115 1043 3165 to
1057 3108 1122 3175 this,
1134 3108 1200 3166 thet
1214 3110 1267 3168 the
1281 3110 1334 3165 ier
1344 3110 1374 3166 oi

259 3197 309 3253 the
322 3195 434 3251 Twelve
443 3194 546 3249 Tables
558 3196 688 3266 required
704 3195 763 3250 him
776 3195 837 3251 vhe
851 3196 1014 3252 discovered
1029 3196 1140 3261 athies,
1154 3196 1250 3252 either
1264 3196 1372 3251 diurnal

259 3300 293 3340 er
308 3281 465 3345 nocturnal,
478 3289 508 3336 to
520 3298 569 3352 cry
580 3294 631 3336 eut
645 3282 730 3337 ulond
737 3303 745 3348 ;
759 3283 881 3356 nnmely,
892 3283 956 3339 that
967 3282 1139 3355 neighbenrs
1150 3300 1185 3338 er
1197 3284 1372 3354 magistrates

260 3369 352 3442 might
366 3385 446 3424 come
461 3366 592 3439 together
603 3368 648 3422 for
662 3368 729 3441 help
743 3370 801 3425 und
815 3372 978 3443 testimony.
1011 3370 1075 3424 And
1088 3386 1119 3424 ss
1133 3368 1205 3424 sueb
1220 3385 1372 3424 eoncourse

260 3457 284 3512 is
297 3457 387 3512 essier
399 3455 436 3528 by
448 3454 503 3528 day
515 3453 584 3509 than
600 3453 637 3525 by
652 3454 741 3525 night,
753 3455 897 3512 therefore
910 3472 989 3511 more
1001 3456 1139 3511 credenoe
1150 3455 1174 3509 is
1186 3455 1274 3526 giren
1285 3457 1315 3511 in
1326 3455 1372 3512 the

261 3560 326 3600 case
340 3542 374 3598 of
386 3542 435 3598 the
450 3541 598 3596 nocturnal
615 3540 731 3611 danger.

319 3629 381 3686 The
395 3646 459 3686 cnse
474 3630 497 3684 is
509 3627 614 3684 similar
629 3626 695 3680 with
708 3627 809 3698 regnrd
825 3634 855 3682 ιο
871 3628 920 3683 the
932 3627 1054 3682 Hebron
1069 3627 1131 3692 len,
1145 3626 1235 3682 Dent.
1253 3629 1319 3684 xxii.
1331 3634 1372 3692 2³,

261 3716 352 3773 which
372 3717 477 3772 directs
492 3715 556 3771 that
573 3732 591 3768 a
605 3713 681 3767 maid
697 3714 760 3768 who
778 3713 829 3769 hus
844 3715 916 3770 been
934 3714 1033 3770 forced
1047 3715 1078 3768 in
1097 3712 1147 3768 the
1166 3713 1235 3769 held
1256 3715 1281 3771 is
1296 3722 1326 3772 to
1339 3715 1372 3771 be

261 3803 401 3869 believed,
415 3804 467 3859 but
482 3804 511 3857 in
527 3801 576 3858 the
587 3802 653 3871 city.
667 3812 725 3864 not,
740 3803 845 3856 because
859 3803 902 3857 sle
916 3803 990 3856 crisd
1003 3812 1049 3856 not
1062 3801 1137 3871 beistp
1154 3801 1186 3854 in
1198 3802 1241 3857 tle
1255 3804 1319 3875 city.

319 3899 336 3946 4
363 3892 405 3946 To
421 3891 477 3946 this
492 3891 514 3944 is
530 3896 560 3943 te
572 3888 607 3942 bo
622 3886 724 3949 added,
739 3887 802 3942 thet
816 3888 845 3941 in
861 3888 936 3943 nbat
951 3887 1078 3960 happens
1093 3886 1130 3957 by
1143 3886 1235 3958 night,
1247 3907 1291 3946 we
1306 3890 1371 3945 huto

261 3995 298 4034 no
314 3995 411 4034 means
426 3978 459 4032 el
473 3976 605 4044 knowing
620 3973 668 4028 the
683 3982 780 4029 extent
794 3974 828 4030 of
847 3974 896 4031 the
912 3975 1027 4046 danger,
1049 3973 1194 4030 therefore
1211 3977 1236 4033 it
1254 3977 1279 4033 is
1297 3992 1371 4033 more

261 4065 386 4120 terrIblo.

319 4151 384 4205 lind
399 4148 540 4204 therefore
557 4147 606 4202 the
622 4146 751 4210 llebrew,
762 4147 819 4202 like
832 4148 881 4203 the
894 4149 1005 4202 Reman
1017 4147 1078 4213 lun,
1089 4149 1195 4206 directo
1207 4150 1273 4207 thet
1284 4148 1370 4206 which

260 4236 451 4294 benevoleuce
471 4234 674 4296 recommends,
697 4234 759 4288 that
781 4252 818 4289 no
841 4251 896 4289 ene
910 4234 1013 4288 should
1031 4235 1067 4290 be
1081 4235 1153 4290 sluin
1173 4237 1242 4311 only
1255 4239 1371 4294 because

260 4323 298 4380 he
315 4325 394 4379 takes
415 4340 433 4376 ο
448 4321 536 4393 thing,
555 4321 606 4375 but
622 4321 689 4393 only
707 4320 733 4374 is
749 4320 786 4375 lte
803 4320 864 4375 who
883 4321 1001 4376 defends
1021 4322 1044 4377 it
1062 4338 1157 4378 coines
1176 4323 1239 4380 into
1257 4325 1369 4395 dnuger.

260 4409 447 4466 hluimouides
461 4424 533 4482 says,
546 4407 610 4465 thet
626 4408 675 4465 the
690 4408 800 4482 slaying
817 4407 851 4464 ol
862 4425 880 4463 n
894 4425 961 4464 man
976 4409 999 4464 is
1020 4408 1175 4482 permitted
1187 4417 1219 4467 to
1233 4428 1252 4467 s
1266 4411 1370 4485 prisete
