2774 4854
85 232 159 289 Car.
174 227 253 298 vit]
376 229 468 296 QUAE
491 229 556 286 Fl'l'
578 229 653 286 PER
676 229 822 298 utensi,
842 229 927 288 ETG.
1139 224 1206 294 387

82 398 263 490 postfacto
290 406 401 477 cessat,
424 397 484 466 nisi
507 399 592 487 quod
618 421 659 467 ex
684 421 778 467 sexus
808 397 977 490 priuilegio
1003 400 1207 489 suspenditur

82 500 120 569 in
145 498 308 592 cognition
337 499 537 568 successione.
591 500 736 569 Obtinuit
763 502 830 568 haec
857 524 950 590 quum
976 499 1111 569 diximus
1135 523 1205 570 sen·

82 601 187 671 tentia
209 601 241 668 in
267 598 397 668 l'erside
421 600 504 669 iuter
531 602 653 691 Cyrum
678 607 728 670 ‘et
750 602 901 680 Amicam,
927 601 961 669 in
985 600 1100 669 Judma
1121 601 1206 673 inter

82 703 288 792 Antipatrum
315 702 452 770 llerodis
479 704 586 794 magui
615 703 711 772 filium
737 715 770 772 et
798 703 866 791 ejus
893 703 1031 782 iratres3
1054 703 1087 770 in
1113 705 1361 811 Ilm-{m}

83 803 178 898 garis
203 824 272 870 cum
301 801 413 872 Geissa
440 827 574 896 regnum
600 805 698 884 adiit3
725 814 758 872 et
783 804 817 872 in
841 803 1021 882 Germania,
1047 826 1111 872 non
1136 780 1343 914 :ineptia

82 905 184 974 armis
200 913 316 984 umen,
334 903 435 973 'inter
453 905 601 973 Ottoucm
619 906 755 996 primum
772 916 805 973 et
822 905 1005 973 ilenricum.

166 1005 292 1073 XXIX.
345 1006 439 1086 Quod
460 1015 565 1074 autem
588 1008 713 1096 Sparte
735 1007 828 1075 aliter
853 1006 970 1075 iactum
992 1006 1136 1099 legimus,
1159 1029 1202 1077 ex

82 1106 161 1200 lege
176 1106 306 1197 proprie
322 1117 371 1175 est
387 1108 455 1195 ejus
477 1108 593 1198 populi,
610 1131 682 1196 qum
703 1111 744 1177 ob
761 1107 978 1176 educationem
994 1109 1096 1200 magis
1111 1131 1204 1178 aceu-

84 1222 191 1278 ratam
213 1217 304 1275 natos
324 1207 357 1273 in
373 1230 472 1299 reguo
495 1210 696 1298 preferebat
749 1209 837 1276 ldcm
859 1209 1001 1277 neddere
1023 1208 1141 1299 poterit
1160 1232 1202 1280 ex

84 1309 238 1402 peculiari
258 1308 330 1399 lege
355 1309 517 1377 restiturus
534 1310 704 1398 primurm,
727 1310 753 1377 si
777 1310 941 1401 imperium
963 1311 1057 1379 detur
1080 1311 1115 1378 iu
1135 1311 1204 1380 seu·

84 1411 164 1478 dum
182 1409 298 1477 vasallo
315 1419 349 1477 et
365 1431 404 1477 ex
423 1432 462 1478 eo
477 1409 657 1478 nascituris:
684 1434 747 1500 quo
763 1421 951 1503 argumento
966 1411 1059 1479 nixus
1076 1410 1204 1482 videtur

84 1511 184 1580 fuisse
207 1510 385 1578 Ludosicus
409 1511 561 1578 adsersus
579 1511 756 1580 Galeatium
780 1512 910 1580 fratrem
933 1512 966 1579 in
989 1512 1204 1581 controversia

85 1613 221 1681 ducatus
237 1610 488 1679 llediolanensis.
541 1612 624 1678 liam
641 1605 694 1680 lin
716 1613 845 1681 Perside
864 1614 1000 1690 Xerxes,
1021 1614 1075 1702 qui
1091 1624 1202 1683 eontra

84 1713 221 1783 tratrem
247 1713 477 1781 Artabuzanem
502 1712 638 1781 obtinuit
662 1734 806 1805 regnum,
834 1725 871 1782 ut
893 1715 1075 1783 Herodotus
1100 1725 1200 1795 notat,
1214 1733 1331 1779 navas

84 1815 230 1906 potentia
254 1818 377 1883 Atossm
400 1812 511 1882 matris
536 1814 637 1907 magis
661 1837 755 1904 quam
777 1814 851 1904 jure
876 1815 985 1886 valuit
1038 1817 1145 1908 Atque
1168 1815 1202 1884 in

85 1999 116 2043 at
137 1992 226 2042 Gemea
246 2000 317 2041 natus
337 1993 474 2056 imperanti,
495 1993 622 2056 wevaiuit
668 2007 691 2040 e.
709 1994 747 2041 23.
768 1996 794 2041 et
812 1991 942 2040 liatioaar.
958 1992 1026 2042 Part.
1043 2006 1072 2042 ιι.
1089 1993 1144 2043 Lib.
1159 2007 1202 2045 ιιι.

85 2072 224 2134 Bajasetea.
254 2073 365 2120 linriaus
382 2073 445 2119 libro
460 2084 539 2120 xus.
553 2070 621 2132 (sap.
670 2084 691 2118 e.
712 2072 759 2131 itt}
791 2071 828 2117 iit
850 2071 915 2118 terta
936 2084 1020 2118 rerum
1042 2077 1080 2119 est
1099 2085 1203 2134 κςοιιιι

85 2150 151 2209 xxi.)
167 2148 341 2197 Constantinus
351 2149 433 2197 Dnoaa
443 2149 570 2210 imperium
581 2161 619 2196 ra·
670 2146 775 2195 Persidis
790 2147 959 2207 pependisset
973 2148 1058 2209 populi
1072 2148 1202 2211 mmspiis,

84 2225 148 2287 liqui
168 2224 230 2283 utta,
248 2238 350 2286 qnorum
370 2225 419 2272 duo
439 2224 537 2285 privato
551 2228 621 2272 mant
669 2224 712 2271 sed
735 2223 799 2269 intra
825 2233 924 2284 gentem
955 2222 1048 2284 regiam
1073 2225 1201 2274 eonelnsis.

85 2301 174 2365 geniti,
197 2301 283 2348 tertius
302 2300 553 2361 πορφυρογέννητοι.
573 2299 621 2346 Zo-
670 2298 732 2347 Nam
744 2300 767 2348 ld
781 2300 811 2345 da
823 2298 956 2355 Arsacidis,
967 2299 1010 2360 qul
1022 2298 1107 2348 Penni
1123 2300 1204 2350 Perrh

86 2390 167 2425 nans.
186 2375 253 2437 (Lib.
272 2388 350 2424 arins.
367 2389 421 2437 cap.
440 2375 463 2424 9.
479 2373 528 2422 Ed.
545 2373 619 2436 Rea.)
670 2375 828 2435 imperavere,
844 2373 946 2421 tradidit
971 2374 1115 2423 Ammianus
1139 2377 1203 2426 libau

86 2453 152 2501 vids
169 2453 298 2502 Coraetm
313 2457 385 2501 traet
401 2452 431 2499 ds
447 2451 521 2500 Prota
532 2450 621 2514 Repeti
670 2461 751 2497 xxiii.
769 2449 836 2509 (ed
853 2450 939 2511 pwi.
955 2448 1004 2497 Ed.
1020 2448 1097 2498 istas.
1114 2450 1203 2513 um)

85 2543 131 2580 ιιι.
141 2534 219 2591 parts,
228 2529 360 2591 quastione
370 2527 408 2577 26.
670 2527 736 2574 etde
747 2526 835 2583 Persis,
845 2527 888 2586 qui
898 2526 982 2574 lisdem
994 2526 1092 2575 Parthis
1106 2541 1202 2577 nean·

134 2605 191 2653 ⁵1·
205 2603 308 2652 Perside
318 2601 421 2663 Xerses]
443 2601 621 2650 imoetxersi
669 2617 732 2660 sere,
749 2603 856 2651 Zonaras
877 2604 901 2650 in
921 2600 1032 2652 Justlno.
1058 2602 1123 2668 [Lib.
1144 2616 1201 2656 aar.

86 2696 126 2730 ao<
158 2680 247 2741 srrgni
258 2680 337 2726 iaetus
349 2681 505 2734 Artaxerxes,
517 2692 566 2725 non
576 2693 620 2726 au·
670 2693 724 2740 esp.
744 2683 767 2729 5.
783 2681 825 2727 ubi
840 2681 865 2726 id
880 2686 975 2727 tantum
991 2680 1058 2739 dicit,
1069 2679 1202 2742 Caradsru,

85 2765 138 2806 ιοιιι
153 2756 242 2804 Darius
257 2762 282 2802 rt
298 2754 438 2815 Hystaspes,
453 2755 563 2812 maiores,
578 2754 621 2800 sad
670 2754 799 2802 Persarum
821 2757 926 2817 Regem,
946 2757 1062 2805 Choara·
1085 2758 1136 2804 atio
1156 2771 1202 2806 suo

84 2839 147 2882 ante
156 2834 271 2892 adeptura
286 2830 413 2892 imperium
429 2829 515 2890 penita
546 2828 621 2890 [vius
670 2839 730 2879 natu
745 2833 845 2879 minimo
859 2833 991 2880 desudasse
1006 2832 1142 2895 imperim,
1157 2847 1201 2882 aa·

88 2910 238 2964 Parasitus,
258 2905 370 2955 Doctria
394 2903 502 2966 Tempus.
522 2903 576 2953 Lib.
592 2916 619 2952 a.
670 2906 744 2954 einais
753 2907 809 2955 filiis
819 2913 878 2955 nata
888 2906 1040 2969 uictima]

88 3139 237 3200 exeluded.
273 3141 331 3196 lint
344 3140 373 3196 in
385 3139 442 3197 this
454 3141 523 3198 kind
536 3142 570 3199 oi
577 3142 745 3207 succession,
757 3160 795 3198 an
806 3150 979 3218 expectaney
991 3162 1063 3203 once
1073 3147 1156 3220 ςιιοιι
1170 3154 1203 3206 ιο

87 3246 147 3302 any
156 3245 210 3285 one
222 3228 300 3301 girus
310 3226 370 3283 him
382 3246 400 3284 u
412 3229 497 3300 right,
507 3229 564 3284 und
575 3230 643 3285 does
654 3240 704 3285 ιιοι
714 3247 795 3285 oense
807 3230 844 3303 by
854 3248 909 3304 any
917 3232 1091 3305 subsequeut
1101 3242 1203 3302 events

87 3323 191 3390 except
206 3315 269 3371 that
287 3316 316 3369 in
334 3332 353 3370 a
367 3317 497 3387 cognatio
514 3318 671 3372 successioni
693 3318 714 3371 it
732 3318 755 3372 is
772 3318 932 3391 suspended
950 3319 988 3392 by
1002 3319 1052 3377 the
1066 3322 1204 3396 privilege

87 3403 124 3461 oi
140 3421 196 3460 ses.
234 3402 296 3458 Thu
308 3403 424 3476 opinion
438 3401 528 3457 witich
541 3420 582 3458 ιιο
597 3420 646 3459 ure
657 3405 763 3475 statinae
775 3404 909 3461 obtained
922 3408 951 3462 in
963 3408 1063 3464 Persia
1074 3409 1203 3467 between

88 3491 181 3564 Cyrus
195 3489 252 3546 and
265 3491 379 3556 anim
396 3491 426 3546 in
440 3490 534 3546 tudes
552 3491 678 3546 between
695 3493 854 3564 Antipater,
869 3492 919 3549 the
930 3511 981 3551 son
993 3495 1028 3551 oi
1041 3496 1139 3552 Herod
1150 3495 1203 3554 tiss

87 3579 189 3643 Great,
203 3578 260 3633 and
272 3576 317 3633 his
329 3577 477 3643 brothens3
494 3578 523 3633 in
535 3577 682 3649 ilungary,
694 3577 775 3634 rheu
791 3580 891 3634 Geiasa
904 3581 973 3635 took
988 3581 1038 3638 tho
1049 3583 1202 3653 kingdomt

86 3666 146 3722 and
159 3666 188 3722 in
201 3667 355 3738 Germany,
368 3664 476 3738 though
488 3672 540 3721 not
552 3664 670 3720 without
682 3680 813 3722 maurae
823 3674 855 3722 ιο
866 3682 933 3732 ear,
944 3666 1072 3723 betwem
1084 3668 1198 3727 Otboi.

86 3753 148 3808 and
160 3753 269 3825 Iienry.

147 3839 262 3896 xxm,
300 3838 363 3895 'l'he
373 3839 432 3895 suet
445 3838 507 3895 that
517 3855 535 3893 a
546 3838 678 3894 different
691 3838 817 3894 miurus
828 3839 959 3897 iolioeod
970 3849 1000 3897 at
1010 3840 1123 3914 Sparta,
1133 3855 1201 3915 pro·

86 3926 196 3984 eeeded
215 3925 318 3981 irorna
334 3926 461 3999 peculiar
473 3925 525 3981 lass
539 3926 571 3981 oi
588 3925 650 3981 tbat
665 3926 776 4000 peopie,
795 3926 883 3982 siiieh
895 3945 933 3982 on
948 3939 1068 3984 account
1080 3928 1114 3985 oi
1126 3928 1204 3986 their

86 4013 250 4074 education,
263 4012 409 4085 preferred
422 4011 503 4068 those
515 4013 579 4068 tbut
589 4030 663 4068 erere
674 4013 745 4068 born
758 4014 787 4067 in
800 4014 849 4069 tlsu
861 4015 949 4085 reign.
975 4016 1036 4072 'ibe
1047 4033 1126 4073 samo
1136 4032 1203 4090 may

87 4101 156 4157 take
166 4100 246 4173 piace
259 4101 296 4173 by
308 4116 326 4155 a
336 4099 536 4172 peculianuw
547 4100 581 4154 oi
590 4100 640 4155 tito
651 4102 793 4173 priniitire
806 4102 1014 4165 instauraretis
1023 4102 1073 4158 tite
1081 4119 1204 4174 gosan·

87 4201 168 4244 ment
181 4187 217 4243 be
228 4189 311 4259 giren
320 4204 351 4243 aa
363 4205 380 4241 n
390 4187 442 4242 ties
449 4199 478 4242 to
490 4205 508 4242 u
519 4187 609 4242 rnasal
618 4188 674 4242 and
688 4188 731 4243 bis
740 4189 889 4261 otl‘spring:
903 4205 941 4242 on
951 4187 1041 4244 witich
1053 4194 1204 4262 argument

87 4275 233 4331 Ludorieo
245 4291 335 4330 seems
348 4284 378 4330 to
389 4273 461 4330 have
469 4275 556 4333 rulied
568 4276 678 4347 eguisset
692 4276 827 4331 Guleuno
839 4275 883 4330 bis
894 4275 1020 4340 brother,
1031 4277 1060 4330 in
1073 4275 1123 4332 tiso
1134 4293 1203 4333 eon·

87 4376 218 4436 trorersy
233 4363 393 4435 respecting
403 4361 453 4417 tho
465 4362 609 4420 dukedom
622 4364 656 4418 οι
664 4362 762 4418 biiian.
789 4364 845 4419 For
857 4365 886 4419 in
896 4363 1003 4428 Persia,
1016 4363 1125 4420 Xerxes
1140 4363 1204 4420 ebo

86 4450 223 4509 obtained
236 4449 286 4508 tbe
297 4449 433 4523 kingdom
444 4453 555 4522 against
564 4449 608 4508 bis
617 4449 736 4508 brotber
746 4449 935 4509 Artabannes
945 4450 1025 4510 owed
1037 4450 1081 4508 bis
1092 4466 1204 4511 sueta

985 4552 1100 4621 254
