2774 4854
241 216 305 282 154
538 227 652 283 unum
674 225 859 283 Pitnnmo
880 222 1057 282 Dounax:
1241 220 1356 292 [Luni.

233 396 370 482 junctas
385 396 512 470 bebere,
530 417 630 482 quem
648 397 739 459 tristi
750 394 910 479 subjectas
926 393 1078 459 servitio.-
1094 396 1127 455 ct
1143 409 1217 476 quae
1235 389 1354 458 Strabo

242 503 464 562 commemorat
486 495 526 560 do
546 492 788 560 Lacedaemoniis
805 503 876 579 post
898 491 1112 558 Romanorum
1132 488 1166 554 iu
1188 489 1354 556 Graeciam

77 615 202 702 “ffi'ffi
242 595 433 662 adventum:
452 589 579 674 incisus
595 589 774 684 ἐλεύθεροι,
789 591 877 672 πλὴν
895 595 963 660 τῶν
976 593 1113 685 φιλικῶν
1127 595 1353 683 λειτουργιῶν

77 672 99 712 “”
241 690 331 765 tan
359 695 596 767 venenam,
630 685 732 761 οὐδέν·
752 705 951 769 traicerer,
989 691 1099 778 inquit,
1129 691 1237 766 ιιιινι,
1264 693 1353 757 nain

241 798 435 882 cory'erentea
443 801 568 882 preater
584 814 701 879 operas
714 793 861 860 sociales.
914 791 1002 859 Sicut
1023 789 1230 880 patrocinium
1246 791 1350 879 priva-

241 903 308 963 tum
330 916 393 960 neu
414 894 496 962 tollit
518 894 695 960 libertatem
715 891 921 979 personalem,
949 893 994 959 ita
1016 890 1224 981 patrocinium
1249 892 1349 979 publi·

138 985 141 992 ¹
240 1016 310 1060 cum
336 1014 397 1058 uon
423 993 506 1061 tellit
530 993 706 1059 libertatem
732 990 862 1069 civilem,
889 1013 960 1078 quae
986 991 1052 1058 sine
1074 1014 1194 1058 summo
1218 991 1348 1081 imperio

240 1090 373 1180 intelligi
396 1091 512 1179 nequit
565 1094 641 1159 Ideo
669 1092 753 1179 apud
779 1091 902 1158 Livium
925 1092 1038 1180 opponi
1066 1092 1182 1170 videas,
1208 1089 1259 1158 tin
1287 1092 1347 1159 tide

76 1211 205 1297 [nestum
241 1214 309 1259 esse
325 1200 359 1258 et
374 1190 407 1256 in
424 1191 549 1259 ditione.
602 1195 646 1259 Et
667 1192 783 1280 Syllano
802 1193 943 1258 Arabum
960 1192 1029 1280 regi
1052 1192 1189 1258 miumus
1212 1200 1261 1260 est
1282 1194 1346 1259 Au·

75 1257 227 1402 illi&
241 1301 362 1384 gustus,
389 1301 469 1358 teste
485 1292 634 1380 Josephc,
661 1293 693 1358 ni
715 1290 836 1377 injuriis
856 1292 889 1357 in
912 1290 1029 1357 ricinos
1050 1291 1234 1371 abstineret,
1259 1314 1346 1359 cura·

241 1403 346 1462 turum
363 1414 407 1471 se,
433 1400 471 1460 ut
486 1415 528 1459 ex
544 1393 643 1460 emico
659 1392 801 1458 subditus
818 1391 926 1468 ficrct3
952 1390 1039 1477 eujus
1055 1390 1240 1456 conditionis
1257 1401 1346 1458 erant

240 1513 333 1582 reges
350 1492 517 1570 Armeniae,
544 1514 604 1579 quo
639 1490 671 1557 in
688 1491 806 1558 ditione
822 1492 967 1556 Romana
988 1490 1083 1555 fuisse
1104 1489 1146 1555 ed
1166 1489 1345 1606 Vologesen

74 1609 227 1709 tppmtptpn]
240 1593 398 1659 scribebat
414 1593 528 1669 Pmtus,
555 1602 588 1658 et
605 1591 735 1680 proinde
752 1612 828 1656 sono
845 1590 945 1679 magis
961 1589 1094 1655 neminis
1111 1610 1206 1675 quam
1223 1612 1260 1656 re
1282 1591 1345 1679 ipsa

240 1713 353 1781 reges:
378 1691 487 1780 quales
514 1692 616 1780 Cypri
640 1692 754 1776 aliique
779 1712 872 1779 reges
892 1691 964 1755 oliui
990 1690 1048 1755 sub
1072 1689 1202 1779 regibus
1229 1690 1343 1767 Persis,

74 1799 211 1898 {3¹23}st
241 1786 483 1882 ὑποταγέντες,
507 1791 633 1868 subditi,
660 1801 697 1857 ut
712 1790 870 1855 Diodorus
886 1789 1063 1876 loquitur.
1369 1814 1371 1818 ’

316 1894 339 1957 4
374 1892 511 1958 Obstare
527 1891 576 1957 his
593 1912 663 1978 qum
681 1889 815 1955 diximus
828 1888 963 1967 videtur,
980 1889 1064 1976 quod
1081 1888 1172 1957 addit
1182 1890 1343 1957 Proculus:

240 1994 288 2060 At
306 1993 395 2077 finnt
419 1993 515 2078 aptati
539 2013 597 2058 noe
619 1992 670 2057 rei
695 2012 734 2056 ea
757 1991 949 2056 civitatibus
963 1992 1153 2076 sederatis,
1180 1993 1213 2058 ei
1237 1994 1275 2057 e'n
1298 2013 1343 2058 eea

239 2094 417 2159 donanmos
443 2092 746 2158 animadvertimus.
798 2089 881 2155 tsed
906 2100 942 2155 ut
968 2090 1036 2155 haee
1062 2109 1115 2154 res
1142 2089 1340 2180 intelligatur,

132 2231 136 2237 -
238 2190 399 2258 sciendum
417 2201 466 2257 est
481 2199 617 2276 quatuor
637 2189 775 2254 incidere
798 2208 889 2275 posse
911 2188 1194 2255 controversiarum
1218 2211 1340 2279 genere

240 2289 394 2369 Primum,
421 2289 446 2354 si
463 2288 580 2355 subditi
597 2287 705 2376 populi
726 2298 782 2353 aut
797 2287 891 2376 regis,
919 2288 1024 2375 quiin
1047 2288 1109 2354 tide
1135 2297 1184 2356 est
1206 2290 1340 2368 alteriue,

239 2389 384 2458 dicautur
399 2389 508 2455 fecisse
525 2396 634 2454 contra
651 2386 772 2453 loedus:
798 2387 920 2464 deiude,
938 2387 964 2453 si
981 2388 1040 2475 ipsi
1059 2388 1165 2476 pepuli
1183 2398 1241 2456 eut
1257 2409 1342 2480 reges

235 2497 440 2556 accusentur:
467 2487 572 2565 tertio,
598 2487 624 2552 si
642 2486 725 2562 socii,
751 2485 804 2573 qui
830 2485 863 2551 iu
888 2487 1027 2574 ejusdem
1052 2488 1159 2575 pepuli
1182 2499 1241 2556 aut
1264 2489 1341 2579 regis

235 2589 298 2655 lide
324 2597 407 2667 suut,
433 2587 516 2653 inter
539 2609 573 2652 ee
596 2587 738 2675 litigent:
769 2595 891 2671 quarto,
919 2587 946 2652 si
972 2588 1089 2654 subditi
1114 2601 1341 2675 conquerantur

279 2766 292 2800 ¹
305 2767 376 2825 Vide,
396 2767 501 2828 exempli
521 2766 609 2828 gratis,
621 2765 684 2813 'Lib
703 2778 764 2812 νιιι.
814 2766 892 2812 verbis
907 2766 991 2826 petita,
1005 2767 1113 2828 adeoque
1128 2769 1249 2818 hactenns
1262 2784 1341 2833 sapen

234 2843 420 2904 capitalius,
435 2848 460 2890 et
471 2843 524 2890 Lib.
540 2856 636 2889 xxxvi.
656 2856 710 2902 cap.
726 2843 763 2888 28.
813 2856 917 2889 cucanea
926 2842 995 2899 fiunt,
1006 2857 1164 2904 quaecumque
1177 2847 1275 2894 Auctor
1290 2847 1341 2894 sub-

234 2921 334 2967 natat.
364 2918 434 2966 J.B.
809 2917 872 2978 jicit‚
890 2917 910 2963 el
930 2918 1142 2977 animadvertatur,
1164 2921 1233 2981 quod
1253 2922 1340 2970 verim·

278 2992 291 3023 ⁸
308 2991 527 3040 Solvituremniuo
537 2993 674 3049 difficultas,
685 3006 715 3039 ex
726 2992 773 3039 illis
813 3006 878 3039 mum
894 2999 939 3051 est,
955 2993 1108 3054 Populonia
1123 2996 1215 3057 Reges,
1231 2999 1274 3058 qni
1289 3002 1341 3045 tunc

232 3216 325 3273 which
340 3224 444 3273 cannot
456 3219 526 3273 exist
538 3217 656 3274 without
666 3221 852 3292 eorereignty.
886 3219 976 3275 Other
986 3220 1076 3290 kings,
1089 3236 1125 3275 on
1138 3221 1189 3276 the
1204 3230 1341 3298 contrary,

232 3321 307 3360 nere
320 3305 410 3377 really
424 3306 545 3376 subjecte
557 3306 590 3360 et
602 3306 651 3361 the
666 3308 794 3378 superior
806 3323 909 3378 ponor,
926 3323 956 3359 as
968 3305 1017 3360 the
1029 3307 1111 3377 kings
1123 3308 1157 3362 ef
1166 3308 1305 3368 Armenia
1314 3319 1341 3367 te

233 3390 284 3446 the
300 3391 435 3455 Romans,
452 3391 500 3446 the
515 3392 596 3463 linge
611 3393 645 3446 os
658 3393 767 3465 C>prus
782 3401 812 3447 to
827 3392 876 3447 the
892 3393 1009 3446 Persian
1024 3393 1100 3463 king.
1140 3390 1212 3464 [See
1226 3398 1278 3455 tho
1297 3416 1341 3455 uu·

233 3476 375 3534 thorities:
393 3478 550 3533 Gronovius
565 3479 643 3542 adds,
656 3479 701 3532 for
714 3479 764 3533 the
779 3480 954 3541 Armenians,
965 3479 1073 3542 Florus,
1086 3486 1112 3544 4,
1125 3476 1183 3550 la]

291 3570 309 3618 4
335 3564 474 3620 Proculus
487 3564 626 3619 addsthat
641 3566 688 3619 ll'e
704 3564 911 3631 (theRomans)
925 3565 984 3619 tole
996 3567 1151 3636 cogitatianes
1161 3571 1198 3642 of
1205 3571 1341 3628 criminals

232 3651 263 3706 in
277 3652 319 3706 tlte
325 3653 450 3726 foderato
461 3652 550 3713 citiesf
567 3650 656 3705 which
669 3668 759 3706 seems
771 3659 801 3706 at
815 3653 945 3706 varinnce
958 3651 1023 3704 nith
1036 3652 1112 3706 what
1127 3670 1168 3708 we
1184 3654 1260 3713 here
1275 3658 1338 3714 said.

232 3738 275 3793 To
293 3738 467 3793 understand
483 3738 547 3803 this,
564 3755 605 3792 wo
624 3746 698 3793 must
716 3739 798 3792 knew
814 3738 876 3793 that
895 3739 975 3793 there
994 3755 1058 3809 nray
1076 3739 1112 3793 bc
1126 3741 1195 3796 four
1212 3743 1299 3800 kinds
1315 3744 1343 3801 ei

231 3826 435 3879 controversies
452 3827 480 3878 in
496 3824 565 3878 such
588 3838 673 3879 cases.
720 3825 803 3888 First,
825 3825 849 3878 il
864 3825 913 3880 tho
931 3826 1054 3894 subjecte
1072 3825 1105 3880 ol
1125 3826 1174 3882 tho
1193 3833 1300 3905 peoplo
1313 3841 1342 3888 or

231 3908 300 3980 king
310 3909 401 3964 which
414 3912 436 3964 is
452 3911 542 3964 under
559 3911 607 3964 tho
626 3912 832 3983 protectiones
844 3911 972 3976 another,
988 3913 1023 3966 he
1034 3913 1157 3983 charged
1172 3916 1244 3972 with
1260 3920 1341 3975 riola·

232 3996 292 4050 tion
311 3995 344 4049 of
359 3995 408 4050 the
430 4003 516 4051 terme
540 3997 573 4050 ol
589 3998 638 4053 the
659 3999 773 4068 lengun:
797 4000 938 4070 secondly,
961 3999 986 4051 if
1001 4000 1050 4053 tho
1072 4002 1189 4072 peoples
1209 4020 1245 4060 or
1266 4007 1341 4078 king!

231 4081 399 4137 themselves
421 4082 456 4138 be
475 4100 506 4137 so
525 4082 665 4155 charged:
689 4084 803 4157 thirdly,
821 4086 845 4139 if
866 4086 914 4140 the
934 4086 1020 4149 allice,
1035 4085 1097 4141 who
1116 4105 1166 4143 ere
1185 4092 1285 4151 under
1299 4093 1341 4150 tha

230 4171 391 4242 preteetion
410 4169 504 4224 ottho
522 4187 598 4224 earne
614 4172 715 4243 pcople
734 4189 767 4226 or
783 4173 859 4243 king,
878 4173 949 4228 hare
968 4173 1112 4245 ndispute
1131 4193 1240 4251 among
1256 4181 1341 4237 them·

230 4257 336 4312 solvont
354 4257 488 4330 sourthly,
500 4257 525 4310 if
538 4257 585 4311 tho
598 4259 720 4327 euticete
731 4262 872 4332 eenrplaiu
885 4261 917 4314 os
925 4277 1020 4330 wrong
1033 4262 1106 4316 dono
1118 4263 1198 4318 them
1213 4267 1255 4339 by
1268 4269 1342 4325 tlroaa

231 4343 322 4399 under
333 4344 426 4400 whose
438 4344 582 4416 authority
595 4345 663 4417 they
675 4363 733 4401 aro.

289 4431 323 4486 Iu
342 4430 390 4487 the
405 4432 467 4487 first
479 4448 550 4497 ease,
565 4433 590 4486 it
604 4432 653 4488 tho
669 4434 777 4490 offence
792 4433 828 4491 be
844 4442 988 4509 apparent,
1005 4435 1053 4492 the
1066 4435 1134 4508 king
1150 4453 1186 4493 or
1199 4441 1343 4519 peoplab
