2774 4854
240 229 303 294 158
537 239 652 297 nuum
673 238 857 296 ruarmo
879 238 1048 296 DUPLEX.
1240 233 1356 306 [Ιαιιῐ.

237 426 337 473 naves
355 407 546 492 confierent.
599 405 672 472 Hoe
687 404 769 471 euim
784 404 810 470 si
827 404 912 486 iacit,
928 405 982 492 qui
999 402 1145 493 princeps
1161 410 1291 469 tantum
1308 411 1356 470 est

163 535 167 540 ⁴
236 504 270 572 in
287 504 417 583 ioedere,
439 527 501 571 non
519 504 630 570 mirum
647 514 695 570 est
711 504 738 571 si
753 505 786 570 in
802 505 921 572 foedere
937 505 1085 592 inaequali
1098 503 1183 569 idem
1200 502 1353 581 facistis.

236 604 292 693 qui
318 605 461 694 superior
487 613 536 671 est
558 603 688 669 ioedere.
741 604 910 692 Imperium
928 626 1006 695 ergo
1021 606 1081 670 hoe
1101 624 1206 682 sensu,
1231 601 1269 669 id
1292 611 1350 683 est,

238 700 410 796 ἡγεμονία,
436 704 615 771 libertatem
632 702 765 770 eliorum
782 725 845 770 non
862 704 951 771 tollit.
1004 702 1122 770 Rhodii
1148 700 1182 768 in
1206 701 1352 769 oratione

68 822 208 910 wama
236 805 322 893 apud
341 805 490 871 Senatum
512 804 699 882 Romanum,
726 825 797 891 quse
822 804 906 891 apud
932 804 1056 871 Liuium
1083 811 1208 870 exstat:
1236 804 1351 871 Groeei

236 905 422 972 domesticis
432 906 595 986 quotidem
608 906 734 971 viribus
749 906 850 971 etiam
862 907 1039 990 imperium
1053 905 1351 991 amplectebantur:

235 1025 323 1070 ιινιια
339 1004 514 1089 imperium
529 1004 587 1068 obi
604 1017 659 1082 est,
685 1005 736 1071 ios·
750 1017 786 1071 ut
807 1006 852 1071 sit
870 1017 1066 1092 perpetuum
1086 1016 1225 1091 optant:
1252 1005 1348 1081 liber—

237 1115 338 1169 tatem
360 1104 479 1169 verrio
505 1106 591 1170 tueri
615 1107 721 1172 aroris
744 1107 829 1171 satis
853 1106 981 1180 babent,
1008 1107 1162 1190 quostiam
1187 1106 1261 1171 ruis
1284 1126 1348 1170 ιιοιι

231 1213 378 1289 possunt.
426 1199 478 1267 Sie
504 1211 578 1289 post
607 1203 778 1270 Cadmeam
806 1225 828 1269 a
857 1203 1016 1269 Thebanis
1045 1213 1206 1291 receptam
1235 1214 1346 1270 narrat

69 1321 222 1372 uuxvnuu
235 1301 394 1368 Diodorus
410 1301 524 1367 multas
541 1301 684 1368 ciuitates
699 1304 826 1370 Grteeas
843 1303 1023 1370 convenisse
1042 1297 1158 1373 πάσαν
1181 1297 1346 1396 ὑπάρχειν

235 1397 441 1483 αὖτονόμονι,
468 1397 608 1491 ἡγεμόσι
638 1398 807 1496 χρωμένας
838 1399 1009 1486 α’θηναῖαις,
1031 1425 1138 1469 omnes
1165 1415 1204 1469 ut
1236 1404 1344 1469 liberte

235 1513 347 1580 essem,
372 1503 430 1567 sed
445 1502 690 1568 ΑεΙιαιίε..νι’ννι
709 1504 810 1568 ductu
827 1515 1002 1569 uterentur.
1053 1503 1105 1570 De
1121 1501 1197 1589 ipsis
1212 1501 1343 1568 Atheni·

70 1617 213 1714 ppopppps
237 1599 363 1716 ensibus
382 1598 519 1687 Bhilippi
542 1600 723 1667 Macedonis
747 1611 889 1690 tempore
917 1602 1002 1668 Dion
1032 1600 1251 1668 Prusoeensis:
1283 1600 1341 1670 ὅτε

66 1711 132 1750 ³⁵⁰⁴·
237 1728 297 1781 της
327 1698 509 1789 meneviae
535 1696 847 1794 παρακεχωρήκασι,
881 1705 940 1784 τῆς
970 1695 996 1768 δ’
1030 1698 1220 1792 ἐλευθερίας
1250 1698 1340 1783 μόνην

235 1794 358 1868 boardi
378 1794 600 1894 ἁντείχονται
624 1823 687 1887 quo
705 1813 844 1887 tempore
860 1804 961 1869 ductu
981 1803 1057 1869 belli
1073 1804 1192 1868 orruisse
1211 1801 1339 1868 liberto·

66 1914 158 2001 pegae
167 1915 222 1956 aaa
237 1911 299 1965 tem
313 1900 418 1966 solam
434 1900 626 1967 retinebuut.
669 1898 721 1964 Sie
735 1901 841 1966 Caesar
854 1922 932 1987 quos
946 1902 1004 1967 sub
1022 1900 1153 1988 imperio
1168 1899 1337 1967 Suerorum

233 1997 331 2064 fuisse
347 1998 432 2076 dicit,
458 1998 583 2064 eosdem
601 2020 674 2064 mox
690 1999 788 2064 socios
803 2000 952 2070 nominat.

311 2099 332 2165 9
367 2098 407 2164 Ια
421 2097 459 2164 iis
476 2120 552 2164 vero
567 2099 673 2176 rebus,
687 2119 758 2184 quae
771 2099 812 2165 ad
828 2101 988 2187 propriam
1004 2099 1172 2166 utilitatem
1190 2107 1335 2188 speemnt,

233 2195 404 2285 superioris
425 2197 582 2285 postulata
604 2197 706 2263 solent
723 2198 854 2286 imperia
870 2200 941 2278 dici,
967 2221 1029 2266 non
1046 2221 1086 2265 ex
1107 2199 1195 2286 jure,
1221 2198 1277 2266 sed
1300 2219 1335 2264 ex

122 2359 125 2364 .
232 2297 360 2364 effeetus
377 2297 587 2374 similitudine,
611 2296 692 2363 sieut
707 2319 818 2385 regum
836 2321 945 2387 preces
959 2298 1090 2388 imperis
1105 2321 1191 2386 saepo
1207 2320 1276 2365 esse
1299 2297 1335 2364 li·

136 2434 143 2447 ·
231 2405 355 2474 eantur,
373 2405 406 2463 et
422 2396 536 2485 aegroti
552 2395 709 2483 imperare
726 2397 860 2464 medicis.
905 2398 1024 2476 Livius,
1041 2398 1111 2464 Lib.
1131 2419 1221 2466 xmr:
1255 2401 1334 2465 dote

273 2553 285 2589 ¹
303 2554 353 2603 Sub
372 2555 458 2602 umbro
470 2551 587 2616 sederis]
608 2553 662 2601 iioe
682 2555 760 2614 ipsum
806 2560 892 2615 posteo
912 2556 938 2602 ιἰι
958 2555 1144 2602 consuetudinem
1160 2557 1274 2616 parendi,
1288 2556 1333 2604 Ro-

229 2635 266 2678 sst
281 2631 346 2691 quod
361 2631 440 2677 Arato
455 2629 600 2676 Plutarchus
611 2629 676 2685 dicit,
688 2630 760 2689 (pag.
810 2632 888 2676 νιαιιῖι
898 2633 1018 2677 elementer
1028 2631 1223 2691 provocantibus,
1230 2645 1335 2693 penae-

228 2707 289 2753 1045
315 2704 355 2764 Δ.)
387 2705 534 2764 συμμαχίαν
560 2703 760 2764 ὑποκορίζεσθαι.
811 2701 1334 2762 noe<eop.ro.nu.c211.)cem,qooe

227 2778 298 2825 nolle
315 2779 445 2835 senilium,
462 2777 556 2824 Vocula
570 2778 635 2836 apud
648 2778 760 2823 Taciturn
810 2776 835 2821 in
846 2775 983 2821 AEdnorum
993 2776 1098 2822 amicitia
1107 2776 1183 2823 luisse
1196 2777 1265 2836 prius
1273 2777 1334 2823 dixe·

227 2853 396 2899 Historiarum
410 2865 446 2899 rr.
461 2850 553 2910 (edi.)
578 2851 665 2898 Festus
681 2852 760 2898 Rufus
809 2854 849 2895 rat
858 2856 883 2895 et
894 2850 994 2896 clientes
1004 2855 1109 2906 voearet,
1119 2855 1176 2909 post
1185 2851 1232 2896 sub
1240 2849 1334 2911 imperio

228 2928 257 2976 de
274 2928 395 2975 Rhodiis:
424 2927 536 2974 Primum
556 2926 629 2973 iibere
649 2927 759 2988 αρεὸαιιι,
810 2925 883 2971 ἰαίνει
898 2929 1025 2971 memorat.
1049 2923 1124 2985 [Beli.
1142 2923 1211 2974 Gali.
1228 2920 1335 2983 timii]

227 3162 284 3218 aud
299 3163 462 3218 afterwards
478 3163 527 3218 tho
542 3163 707 3229 Atheniens,
722 3168 752 3218 to
765 3162 814 3217 the
824 3163 918 3217 Greek
932 3164 1035 3218 States.
1074 3159 1142 3233 [See
1158 3163 1334 3237 Thucydides

226 3249 283 3303 and
302 3244 462 3318 Isocrates]
502 3250 564 3305 The
581 3252 679 3305 Latius
701 3249 755 3305 call
777 3248 833 3304 thio
855 3250 1060 3318 σοιιιιιιαιιάἱιιρι
1083 3247 1232 3319 (imperare
1241 3249 1265 3317 ,·)
1288 3249 1333 3305 the

228 3335 345 3398 Greeks,
359 3352 438 3390 more
450 3336 597 3408 modestly,
610 3337 752 3407 orderirrpr
769 3333 914 3402 (τάσσειν.)
945 3329 1012 3402 [See
1024 3334 1214 3406 Thucydides,
1229 3329 1332 3408 Pliny]
1349 3328 1352 3333 ’

226 3420 294 3475 This
309 3420 395 3492 being
408 3420 483 3477 done
500 3423 538 3493 by
553 3423 602 3477 tlre
617 3423 699 3477 ilead
714 3421 749 3476 of
759 3439 796 3475 an
815 3421 897 3491 equal
912 3421 1047 3484 Allianee,
1062 3438 1126 3492 may
1140 3422 1285 3494 naturally
1301 3421 1335 3476 be

225 3505 300 3561 done
311 3506 349 3579 by
361 3506 411 3562 the
427 3507 562 3579 Superior
579 3508 658 3562 inan
671 3508 793 3578 uuequal
808 3507 943 3561 illlianee.
977 3506 1045 3561 This
1060 3506 1129 3560 kind
1142 3507 1175 3560 of
1184 3509 1335 3580 imperium,

224 3589 356 3664 ἡγεμόνα,
369 3592 437 3648 does
452 3600 503 3648 not
518 3594 584 3648 take
599 3611 677 3664 away
692 3593 803 3663 liberty.
852 3592 890 3646 So
909 3591 958 3646 the
973 3591 1118 3646 Rhodians
1135 3609 1185 3664 say
1202 3595 1234 3648 in
1250 3595 1334 3666 Lirye

225 3694 257 3733 so
275 3678 325 3734 tho
344 3679 440 3734 Greek
458 3681 537 3735 citios
556 3697 604 3735 aro
623 3678 768 3734 described
793 3679 822 3731 in
844 3677 1002 3741 Diodorus3
1031 3694 1063 3732 so
1084 3679 1139 3732 Dio
1164 3680 1335 3736 Prusaeensis

225 3781 288 3836 says
301 3765 334 3819 oi
346 3765 395 3820 tbe
407 3765 581 3832 Athenians3
596 3782 627 3819 so
641 3766 734 3818 Ceasar
745 3763 778 3818 oi
787 3763 836 3818 the
849 3764 943 3817 Sueri.

284 3856 301 3905 9
328 3851 362 3906 In
377 3858 495 3906 matters
508 3852 629 3921 relating
642 3857 672 3905 to
689 3850 737 3905 the
750 3850 845 3920 utility
860 3849 892 3902 oi
901 3850 949 3905 the
966 3850 1101 3920 Superior
1116 3850 1145 3905 in
1160 3867 1198 3905 an
1213 3851 1336 3926 uuequal

224 3935 351 4002 allianee,
367 3936 412 3990 bis
433 3939 639 4007 requirements
654 3953 703 3991 are
721 3936 811 3991 called
830 3938 994 3999 commando,
1009 3943 1059 3990 not
1071 3936 1105 3990 oi
1119 3937 1219 4008 Right,
1236 3939 1291 3995 but
1306 3954 1335 3993 ιιι

224 4021 381 4093 producing
395 4022 445 4077 tho
460 4025 543 4077 eti'ert
560 4023 593 4077 oi
603 4023 782 4078 commands:
803 4039 833 4076 us
849 4022 898 4076 tho
913 4029 1039 4092 requests
1052 4022 1084 4076 oi
1097 4023 1178 4095 kings
1190 4040 1242 4080 ure
1257 4025 1336 4082 otton

224 4108 313 4162 called
327 4109 505 4173 commands;
527 4105 569 4178 [so
583 4108 663 4181 Livy]
677 4110 732 4163 and
745 4126 775 4163 as
788 4108 837 4162 tlre
850 4109 960 4179 patient
973 4109 994 4160 is
1012 4109 1072 4163 said
1084 4116 1114 4163 to
1128 4112 1283 4166 command
1294 4111 1335 4167 his

223 4195 368 4266 physician
391 4190 409 4265 [:
425 4213 503 4250 more
524 4196 683 4267 commonly
703 4195 751 4250 the
772 4195 917 4268 physieian
938 4195 961 4248 is
985 4195 1046 4249 said
1067 4202 1096 4250 to
1116 4197 1271 4252 command
1289 4197 1336 4252 the

222 4282 341 4352 patient.
378 4276 472 4352 J.B.]

283 4374 317 4422 10
344 4366 402 4422 But
415 4377 471 4440 yet,
484 4374 547 4421 true
563 4367 585 4420 it
597 4367 627 4431 is,
644 4366 706 4422 that
720 4366 757 4423 he
772 4366 835 4421 ubo
847 4368 870 4422 is
885 4368 1013 4438 superior
1028 4366 1056 4420 in
1069 4383 1105 4419 an
1121 4366 1252 4434 allianee,
1266 4369 1293 4424 ii
1303 4369 1338 4426 be

223 4450 259 4506 bo
272 4453 355 4508 much
372 4454 421 4509 tbe
436 4470 514 4510 more
527 4453 672 4526 perreriul,
690 4454 770 4510 osten
787 4454 934 4529 gradually
947 4453 1057 4509 obtains
1072 4470 1090 4507 a
1105 4452 1164 4509 real
1181 4453 1339 4528 impetum,
