2774 4854
418 195 609 256 EPISTOLA
631 196 684 252 nl)
708 197 928 256 LECTOREM.
1180 214 1262 260 xxxv

86 355 161 426 ’libi
191 357 307 448 liquido
335 360 495 442 adserere,
525 362 642 431 nullam
675 364 853 434 Editionem
888 363 1032 435 Grotinni
1067 366 1181 454 Operis
1212 366 1258 435 ita

96 460 288 528 merelatum
300 469 334 529 et
346 463 501 531 utentium
516 465 647 532 utilitati
659 466 928 536 adcommodatam
943 469 1094 535 haetenus
1104 467 1258 557 prodiisse

101 558 182 627 l'nla
230 562 413 631 Scribebam
443 567 633 653 Groninpae,
666 567 740 655 ipsis
769 570 921 638 Kalendis
950 569 1122 638 Novembr.
1168 568 1257 636 Anui

109 658 185 727 AErae
201 662 390 732 Christianae
408 665 546 758 vulgaris
564 669 609 735 M.
621 668 718 738 DCC.
731 669 824 738 xlx.

37 990 40 1055 l
175 989 231 1055 Ira
265 987 425 1078 prmfabar
457 996 532 1057 ante
565 1011 665 1057 anuos
698 990 886 1078 quindecim,
920 998 954 1059 ot
987 992 1071 1079 quod
1106 990 1254 1059 excurrit.

117 1087 198 1165 Quum
213 1099 318 1157 autem
334 1090 374 1156 do
392 1090 499 1178 Opere
517 1090 694 1158 recudenda
709 1092 848 1181 cogitare
863 1113 1021 1158 necessum
1040 1102 1133 1171 essct,
1151 1092 1255 1159 emnia

116 1185 205 1256 iterum
231 1190 383 1268 recensui,
413 1200 447 1258 et
475 1213 537 1257 non
567 1213 667 1279 pauca
697 1191 765 1258 heic
794 1192 856 1258 illio
881 1192 1006 1258 Natalis
1031 1192 1108 1258 meis
1133 1201 1169 1260 ut
1191 1193 1255 1259 lert

114 1308 198 1356 mam
213 1291 334 1370 modus,
351 1289 468 1358 addidi.
507 1290 646 1358 Plurima
662 1292 730 1358 loca
746 1295 917 1359 Auctorum
934 1291 1144 1371 laudatorum,
1162 1314 1202 1360 ex
1216 1292 1255 1359 iis

114 1407 168 1473 qnae
186 1392 321 1459 nondum
337 1413 529 1480 repereram,
554 1401 619 1470 aut,
638 1391 852 1460 deficientibus
868 1403 942 1460 tunc
967 1393 1070 1460 Libris
1092 1393 1177 1461 unde
1198 1414 1255 1481 pe·

114 1486 157 1557 rita
170 1503 266 1573 erent,
290 1514 435 1580 quaerere
453 1514 516 1558 non
540 1492 681 1570 licuerat,
705 1494 833 1561 inventa
850 1504 959 1583 postea
975 1493 1108 1583 signari,
1131 1504 1169 1561 ιιι
1184 1491 1253 1581 jam

112 1584 136 1653 it
155 1591 221 1681 ipsis
246 1593 385 1660 sontibus
409 1615 449 1660 ea
471 1615 596 1681 quoque
620 1594 803 1683 inspiciendi
827 1595 924 1661 cuivis
949 1594 990 1663 sit
1006 1595 1139 1662 facultas
1156 1595 1250 1662 date:

110 1686 255 1778 aliqnando
271 1693 367 1761 etiam
381 1693 525 1772 indicari,
543 1694 626 1761 undo
642 1695 775 1762 haberet
792 1696 918 1772 Noster,
934 1718 1005 1782 qum
1020 1717 1082 1761 uon
1099 1695 1163 1762 suis
1178 1715 1252 1762 aue-

110 1792 209 1862 tantu
234 1793 446 1882 adscripscrat
472 1802 506 1862 et
533 1816 677 1882 quaenam
709 1817 803 1861 causo
836 1795 952 1862 erroris
980 1795 1009 1862 ei
1040 1795 1146 1866 suerit.
1198 1794 1252 1862 Ad

37 1886 39 1913 ’
106 1905 250 1973 emmam,
277 1894 312 1961 in
340 1893 483 1961 omnibus
511 1895 653 1962 eamdem
687 1896 851 1976 rationem,
879 1919 916 1962 ac
945 1904 1049 1971 antea,
1081 1895 1183 1973 tonui,
1202 1905 1251 1979 ut,

104 2005 239 2071 mutum
256 1995 324 2062 fieri
339 2004 457 2082 posset,
474 1996 613 2063 ornatior
629 1997 731 2063 adhuc
748 2019 831 2062 nova
847 1994 990 2084 prodiret
1005 1996 1120 2064 Editio.
1173 1995 1252 2065 Vel·

100 2080 152 2158 lem
169 2107 204 2164 nt
219 2096 361 2163 omnibus
377 2096 498 2163 mendis
514 2097 750 2186 typographicis
765 2119 863 2163 raone
878 2099 946 2163 hue
963 2106 1065 2164 esset:
1083 2098 1138 2163 sed
1153 2120 1250 2186 quum

97 2181 121 2251 ld
139 2196 193 2264 rix
211 2196 332 2286 sperari
355 2206 453 2285 queat
469 2195 501 2262 in
518 2197 581 2263 ullo
599 2197 695 2263 Libro
718 2197 804 2285 typis
819 2196 1033 2274 describendo,
1051 2198 1165 2264 nedum
1183 2198 1249 2276 tali,

96 2296 182 2371 quale
195 2309 244 2365 est
262 2299 351 2387 Opus
373 2297 456 2363 istud
475 2297 680 2364 Gratianum:
704 2318 907 2385 quencumque
924 2307 1040 2375 errata,
1062 2306 1118 2364 aut
1137 2298 1251 2366 amisso

93 2390 305 2478 winemero,
333 2419 404 2485 quar
421 2396 535 2464 tantilli
558 2398 706 2464 momenti
724 2405 837 2474 essent,
861 2397 986 2475 notavi3
1013 2407 1059 2476 ut,
1084 2407 1249 2486 postquem

92 2504 126 2553 ‘¹
148 2496 249 2566 indice
263 2498 334 2587 quis
350 2520 390 2564 ea
405 2499 588 2575 eorrexerit,
612 2497 699 2574 nihil,
722 2507 809 2586 puto,
832 2498 1066 2585 superfuturum
1089 2499 1140 2578 sit,
1166 2499 1250 2587 quod

90 2604 162 2664 ‘mn
178 2609 326 2667 moretur.
366 2597 516 2666 Ceterum
532 2620 550 2665 e
567 2598 720 2666 Versione
738 2620 807 2663 mea
825 2607 857 2665 et
874 2599 966 2665 Notis
980 2597 1099 2665 Gallice
1114 2598 1249 2687 scriptia,

87 2686 125 2754 “l
154 2721 239 2788 quae,
260 2699 398 2767 noudum
416 2699 527 2777 editas,
553 2697 586 2765 in
614 2698 711 2787 priori
732 2698 920 2773 recensione,
948 2698 1157 2776 remittebam‚
1183 2698 1250 2787 ple·

85 2783 161 2863 ”ior
175 2821 281 2867 eorum
298 2799 476 2890 explicatio,
497 2822 570 2887 quaa
592 2799 625 2866 in
643 2798 767 2865 Notulis
793 2799 869 2863 meis
894 2798 969 2875 dixi,
995 2808 1029 2866 et
1051 2799 1151 2866 multa
1175 2798 1248 2878 alin,

82 2902 161 2970 qum
176 2901 244 2968 heic
259 2900 321 2968 dici
338 2922 401 2967 non
418 2909 488 2967 eret
506 2900 567 2966 mei
584 2899 711 2976 consilii,
729 2898 794 2987 peti
804 2898 871 2985 jam
886 2908 1025 2988 possunt.
1067 2899 1249 2968 Scribcbem

82 2986 279 3090 emoneo,
296 3000 398 3069 none
412 3003 603 3078 recrearer,
620 3001 703 3066 nnn.
721 3001 768 3069 ιι.
780 3000 878 3067 occ.
889 3000 1027 3069 xxxv.
