2774 4854
236 222 301 287 224
486 232 541 288 DE
563 233 677 288 naum
699 231 845 298 cauma,
866 230 917 286 ΕΤ
937 229 1099 287 rantum
1224 227 1339 300 [unta

236 399 282 466 At
298 398 466 487 pubiicum,
492 401 566 487 quia
589 423 653 467 noa
677 401 788 477 oritur,
814 399 872 465 nisi
890 395 944 463 ubi
966 417 1029 462 uon
1052 403 1128 463 suut
1143 406 1204 465 aut
1229 407 1340 466 cessam

232 498 359 586 judicia,
394 510 529 568 tractum
565 503 671 578 habet,
714 511 748 567 et
779 508 931 588 perpetuo
963 495 1090 562 foretur
1124 496 1339 564 accedentibus

236 599 326 665 noris
350 600 471 666 damnis
498 609 531 666 et
557 600 686 687 injuriis.
739 602 900 666 Praeterea
928 596 960 661 in
987 594 1068 661 beiio
1091 594 1224 681 priuato
1251 594 1339 662 fermo

237 698 377 765 defensio
398 721 486 765 mera
503 702 737 768 consideratur:
763 711 797 767 at
813 698 943 787 publicae
960 703 1134 784 potestates
1151 716 1224 759 cum
1242 694 1340 790 deien-

236 798 323 865 sioue
340 809 374 864 et
389 797 555 865 uiciscendi
571 801 689 867 habent
701 801 762 887 jus.
811 798 904 865 Unde
921 795 980 862 illis
996 795 1068 861 licet
1084 789 1273 882 praevenire
1285 817 1338 860 na

236 919 301 964 non
323 908 519 986 praesentem,
544 900 599 964 sod
627 921 699 986 quse
727 903 767 966 do
794 900 888 988 longo
910 895 1070 961 imminere
1098 893 1259 970 rideatur,
1286 916 1338 961 uon

237 997 356 1063 directo
379 996 425 1080 (id
443 996 525 1062 enim
543 997 690 1086 injustum
709 1022 777 1065 esse
793 1019 890 1086 supra
911 994 1083 1078 docuimus)
1112 993 1171 1059 sed
1197 994 1338 1061 indirecto

237 1095 414 1162 ulciscendo
431 1095 577 1163 delictum
601 1111 735 1186 emptum
757 1100 833 1186 jam,
860 1096 915 1163 scd
933 1118 995 1162 uon
1010 1103 1283 1162 consummatum:
1304 1093 1338 1160 dc

236 1215 300 1281 quo
316 1195 432 1285 agendi
450 1197 511 1263 erit
527 1198 600 1264 alibi
617 1200 711 1264 loeus.

310 1296 418 1362 xvii.
472 1297 553 1363 lltud
581 1320 657 1364 roro
682 1297 808 1364 minimo
831 1297 995 1363 serendum
1019 1305 1078 1375 cst,
1104 1295 1195 1383 qaod
1220 1288 1337 1382 quidam

71 1409 216 1496 ‚¹14¹th
237 1394 445 1474 tradiderunt,
467 1395 540 1482 juro
566 1398 704 1486 gentium
730 1418 819 1463 arma
841 1405 926 1461 recte
945 1393 1025 1458 sumi
1041 1394 1082 1461 ad
1100 1394 1337 1460 imminuendam

236 1494 408 1581 potentiam
442 1509 642 1571 crescentem,
682 1519 753 1583 quse
787 1496 913 1561 nimium
951 1500 1045 1559 aucta
1078 1515 1197 1558 nocero
1231 1501 1336 1580 pauset

236 1594 355 1659 Fateor
372 1594 403 1659 iu
421 1595 676 1661 consultationem
694 1597 734 1661 do
751 1596 832 1662 bollo
855 1604 888 1660 et
907 1595 966 1658 hoc
983 1592 1102 1670 venire,
1128 1614 1196 1658 non
1213 1592 1272 1658 sub
1293 1612 1337 1656 ra·

237 1691 321 1758 tione
332 1692 421 1781 justi,
442 1695 498 1760 sod
515 1697 573 1760 sub
590 1696 712 1761 rationo
730 1694 833 1760 utilis:
861 1703 898 1760 ut
912 1692 939 1758 si
962 1713 1002 1757 ex
1023 1693 1086 1758 alia
1110 1714 1208 1758 causa
1226 1691 1337 1778 justum

234 1792 276 1858 sit
293 1792 417 1871 bellum,
442 1817 482 1860 ox
500 1796 558 1860 hac
575 1817 668 1861 cansa
685 1795 859 1883 prudenter
882 1814 1007 1880 quoque
1023 1802 1205 1881 susceptum
1224 1790 1338 1880 judice·

70 1901 302 2004 ppuprp'etur:
319 1915 377 1961 uec
392 1894 477 1960 aliud
495 1894 610 1971 dicunt,
627 1896 680 1981 qui
699 1895 731 1959 in
747 1896 827 1960 hanc
844 1914 912 1959 rem
930 1893 1067 1959 citantur
1082 1902 1241 1958 auctores
1281 1888 1338 1957 Sed

114 1991 120 2002 '
152 1975 159 2002 ⁶
193 1989 200 2002 ’
234 2003 271 2058 ut
295 1993 358 2060 rim
385 1995 450 2082 pati
477 2015 567 2083 posse
595 1995 635 2060 ad
665 1994 725 2059 rim
747 1993 941 2060 inferendam
963 1991 1017 2078 jus
1042 1991 1175 2069 tribuat,
1202 1991 1245 2058 ab
1260 1988 1338 2056 omui

233 2093 534 2180 equitaturarum
559 2095 719 2160 abhorret.
768 2095 819 2159 Ita
842 2093 907 2158 rita
930 2092 1069 2159 humana
1095 2101 1153 2168 est,
1186 2101 1224 2158 ut
1251 2090 1339 2179 plena

233 2193 384 2260 securitas
409 2217 566 2281 nunquam
588 2194 677 2259 nobis
703 2201 837 2260 constet.
891 2191 1053 2258 Adversus
1077 2190 1217 2259 incertos
1243 2199 1340 2256 metus

234 2312 256 2358 a
279 2293 386 2359 diuina
406 2292 605 2381 providentia
628 2305 661 2360 et
677 2294 718 2358 ab
737 2291 864 2358 innoxia
880 2290 1033 2368 cautione,
1058 2313 1121 2356 nou
1148 2313 1170 2357 a
1189 2289 1221 2357 si
1237 2288 1340 2377 presi-

234 2391 319 2458 dium
337 2393 507 2479 petendum
523 2403 580 2458 ost.

67 2494 115 2578 pp
126 2495 211 2536 ⁰2¹1ss
309 2491 435 2559 XVIII.
490 2493 509 2556 1
544 2492 613 2557 Nee
629 2490 730 2558 minus
746 2490 822 2557 illud
837 2490 989 2578 displicet,
1014 2489 1098 2577 quod
1125 2489 1252 2568 docent,
1274 2487 1338 2578 jus·

66 2587 130 2627 caro.
140 2598 160 2628 v.
169 2589 195 2630 de

66 2635 163 2675 :martra

276 2677 376 2725 ‘immo
383 2679 556 2726 Lacedaemonii
566 2679 695 2726 Thebanis.
712 2680 763 2727 Dc·
813 2694 883 2740 usqua
893 2681 1071 2727 satisfactione:
1088 2693 1170 2727 rernm
1188 2679 1220 2726 de
1233 2678 1341 2731 uindicta.

232 2753 289 2801 iudo
303 2767 351 2800 non
365 2753 417 2815 ugit
433 2753 486 2800 heic
502 2755 621 2802 Aristides
635 2755 666 2801 de
681 2756 764 2802 oblatu
814 2769 887 2817 quam
898 2756 1008 2803 Thebani
1023 2755 1069 2816 ipsi
1083 2761 1230 2812 summunt,
1239 2754 1265 2800 iu
1280 2765 1341 2815 pura·

229 3037 318 3109 judgo
341 3054 393 3092 can
414 3036 450 3090 be
474 3035 599 3091 referred
619 3041 658 3091 to.
696 3038 753 3091 But
770 3037 867 3109 public
889 3055 946 3093 war
965 3039 1034 3094 does
1057 3044 1109 3093 not
1135 3038 1218 3102 ariao,
1244 3043 1342 3110 except

233 3124 314 3178 when
324 3123 373 3178 tho
380 3120 490 3193 judgo's
502 3122 645 3193 authority
654 3122 722 3177 does
734 3133 785 3177 not
794 3125 874 3188 exist,
885 3141 917 3178 or
927 3125 1005 3188 ends,
1017 3125 1067 3179 has
1080 3141 1097 3177 a
1109 3123 1268 3195 prolonged
1281 3123 1342 3179 cha·

232 3216 334 3272 ructor,
348 3208 404 3263 and
422 3210 444 3262 is
459 3209 618 3278 constant15
633 3209 776 3262 sustnined
794 3209 831 3278 by
844 3208 893 3264 the
908 3211 1049 3265 accession
1066 3211 1099 3264 oi
1112 3227 1173 3264 new
1187 3211 1275 3265 tossen
1289 3209 1343 3264 und

232 3295 355 3365 injurios.
390 3294 505 3349 Resides
518 3295 546 3347 in
559 3295 667 3365 priuato
683 3294 873 3357 mandeforum
889 3295 972 3350 alono
985 3297 1007 3350 is
1022 3296 1207 3361 considered;
1228 3296 1283 3351 but
1297 3296 1342 3351 the

233 3382 329 3453 public
344 3399 451 3453 powers
464 3381 534 3435 haro
547 3380 595 3434 the
608 3379 682 3450 right
694 3388 745 3435 not
757 3381 823 3451 oniy
835 3381 868 3434 os
880 3381 1042 3453 defending,
1056 3383 1108 3436 but
1119 3382 1180 3437 also
1191 3382 1342 3439 oiobtuiu-

232 3470 282 3539 ing
304 3469 487 3522 satisfaction.
533 3467 631 3521 Ilenee
653 3467 720 3538 they
744 3485 808 3538 may
832 3477 950 3538 prevent
972 3469 1049 3523 t'orco
1071 3477 1121 3522 not
1141 3475 1269 3539 present,
1289 3468 1342 3523 aud

233 3554 412 3625 threatening
424 3555 497 3608 from
510 3554 587 3617 afar3
605 3563 655 3606 not
667 3553 786 3623 directiy
799 3552 858 3618 (sor
873 3553 944 3616 that,
955 3571 985 3608 as
995 3571 1036 3608 rue
1048 3554 1119 3608 hare
1132 3554 1243 3624 taught,
1256 3555 1281 3609 is
1294 3571 1342 3608 uu-

229 3639 312 3712 juat)
330 3641 382 3696 but
400 3641 558 3711 indirectly‚
576 3640 613 3710 by
629 3639 727 3708 taking
748 3639 921 3694 satisfaction
942 3640 987 3694 ior
1003 3658 1020 3694 u
1038 3640 1227 3710 delinquency
1242 3640 1343 3712 begua,

233 3727 285 3782 but
297 3735 348 3782 not
357 3727 607 3782 consummanda:
626 3727 659 3780 of
669 3724 757 3778 onim
771 3743 811 3779 no
823 3726 894 3778 shall
908 3736 981 3779 trent
994 3725 1154 3780 elsewhere.

291 3814 387 3868 XVII.
428 3813 521 3868 There
534 3816 557 3866 is
572 3830 608 3866 an
624 3812 791 3865 intolerabie
810 3812 937 3865 doctrine
954 3813 982 3865 in
1000 3829 1077 3867 some
1093 3811 1211 3876 writers,
1225 3812 1292 3868 that
1307 3811 1343 3884 by

234 3898 282 3952 tho
297 3899 364 3952 Law
380 3899 413 3952 os
428 3900 547 3953 Nations
563 3915 603 3952 wc
617 3915 681 3967 may
696 3897 800 3968 rightly
815 3898 880 3952 take
895 3915 969 3951 arms
985 3900 1094 3967 against
1111 3914 1129 3951 a
1142 3914 1239 3967 power
1254 3897 1343 3953 which

233 3984 256 4038 is
272 3986 437 4054 increasing,
449 3985 504 4037 and
519 4002 583 4053 may
596 3985 729 4045 increase,
743 4001 774 4036 so
787 4001 817 4037 ns
834 3994 862 4038 to
876 3985 911 4038 no
926 3984 1092 4053 dangerous.
1128 3984 1343 4056 Uudoubtedly‚

233 4070 261 4122 in
275 4069 460 4139 deliberating
475 4070 507 4122 oi
520 4087 584 4131 aar,
597 4069 652 4122 this
666 4087 728 4140 may
742 4087 822 4124 come
836 4072 895 4124 into
907 4071 1122 4132 consideration,
1134 4077 1184 4123 not
1197 4088 1229 4125 as
1241 4089 1260 4126 a
1275 4081 1344 4125 mat„

232 4162 277 4210 ter
291 4157 443 4227 oijustice,
454 4155 505 4208 but
520 4172 550 4207 as
569 4164 700 4210 unrattcr
715 4157 747 4210 os
757 4157 866 4228 utitit55
882 4174 913 4211 so
931 4157 994 4211 that
1006 4157 1031 4210 ii
1047 4156 1095 4212 tho
1111 4173 1169 4210 nar
1182 4155 1221 4212 be
1232 4159 1294 4230 just
1308 4174 1344 4214 ou

277 4308 289 4332 ⁸
306 4308 359 4355 The
372 4308 445 4354 broad
459 4307 599 4352 diti'erenecs
612 4305 711 4351 marked
722 4306 746 4351 in
757 4307 806 4352 this
815 4307 898 4352 article
912 4307 1022 4352 between
1038 4305 1118 4365 public
1130 4319 1180 4352 war
1190 4307 1240 4353 aud
1252 4309 1345 4368 puisaia

230 4383 388 4432 uli-defense
399 4385 464 4430 alren·
475 4384 529 4430 honr
540 4382 686 4443 improperii·
697 4382 738 4429 the
748 4382 822 4429 latter
832 4382 851 4426 is
862 4382 938 4428 called
949 4397 1008 4429 acar.
1040 4381 1080 4426 w.
1089 4380 1128 4427 W.
