2752 4844
109 207 183 273 xxiv
531 217 560 275 J.
584 218 846 275 nannetuncn

109 387 368 475 quemadmodum
387 385 495 455 titulus
512 385 608 477 uulgo
629 386 807 455 ementitur.
855 386 968 474 Neque
992 386 1062 453 heic
1088 385 1182 455 aliter
1205 408 1279 455 sese

107 511 176 556 rom
193 491 337 557 habuisse
353 488 554 576 deprehendi.
606 491 705 555 immo
730 489 851 578 priores
877 487 946 554 illas
971 497 1004 555 et
1029 488 1173 577 optimas,
1200 510 1277 577 quoe

23 654 28 664 .
109 591 150 660 ad
165 591 354 659 recentiores
376 589 585 657 emendandas
601 589 768 678 plurimum
789 589 954 678 jurabant,
980 589 1063 677 ipsas
1085 588 1173 657 haud
1196 611 1276 657 raro

108 714 202 759 manu
221 691 340 759 medica
356 713 461 780 cgere,
478 690 655 757 certissimis
671 690 865 779 argumentis
881 690 1026 779 comperi.

184 791 262 860 Usui
289 791 364 858 mihi
387 790 522 858 maximo
549 790 618 866 luit,
641 790 724 878 quod
749 790 871 858 adtinet
892 791 934 857 ad
955 791 1056 879 ipsum
1081 790 1180 879 Opus,
1203 787 1276 857 sine

108 891 201 959 Notis
223 892 379 970 Auctoris,
405 913 477 979 quae
499 900 608 978 postea
632 901 837 972 accesserunt,
864 891 966 980 prima
991 890 1128 957 omnium
1153 890 1274 971 Editio,

107 1014 179 1078 qum
196 994 254 1059 sub
271 992 367 1081 ipsius
383 991 529 1058 Auctoris
546 991 640 1058 oculis
657 991 777 1080 prodiit
793 995 938 1060 Lutetia
952 994 1173 1070 Parisiorum,
1187 1014 1274 1059 anno

109 1093 201 1160 AErae
219 1092 358 1183 uulgaris
372 1113 408 1158 ιι.
423 1114 475 1159 nc.
489 1113 570 1163 xxv.
623 1093 775 1182 Magnum
793 1092 907 1158 deinde
925 1091 1140 1180 adjumentum
1157 1093 1275 1160 adtulit

106 1192 162 1259 illa
178 1194 251 1259 enni
269 1215 302 1259 u.
312 1215 479 1260 naxxxn.
497 1193 618 1260 minore
634 1193 736 1259 forma
749 1193 898 1281 typisque
911 1192 1275 1260 nitidissimisAmotelo-

107 1296 202 1360 clami
216 1315 339 1372 excusa,
355 1294 440 1381 apud
462 1296 669 1361 Gulielmium
687 1295 804 1369 Elaea,
822 1307 853 1360 et
869 1315 1025 1380 erpreeea
1040 1295 1088 1358 ael
1102 1295 1274 1381 exemplar

107 1396 151 1460 ab
167 1397 240 1481 ipso
254 1396 396 1459 Auctore
410 1397 607 1481 recoquitum
623 1408 720 1481 atque
739 1397 950 1470 emundatum,
974 1401 1010 1458 ut
1028 1391 1112 1458 idem
1131 1415 1273 1482 praesens

106 1494 355 1569 Amstelodami,
375 1494 430 1559 elie
451 1495 471 1559 8
496 1497 628 1581 .prilie
651 1493 789 1581 ejusdem
815 1492 898 1569 enni,
922 1500 1068 1569 testetur,
1088 1491 1128 1567 ,in
1153 1492 1272 1583 pagina

105 1602 178 1681 post
192 1591 317 1659 titulum
334 1613 454 1659 euersa.
509 1595 560 1660 Ex
579 1594 640 1660 illis
663 1595 783 1661 duabus
804 1591 1011 1670 Editionibus,
1032 1602 1089 1659 aut
1110 1615 1152 1660 ex
1174 1594 1272 1660 alter·

105 1701 191 1772 utra,
217 1677 352 1781 plurinia
374 1692 443 1759 loca
462 1694 704 1772 emendarimus,
729 1715 800 1781 quoe
822 1693 856 1759 in
878 1693 1019 1759 omnibus
1040 1693 1090 1759 rel
1110 1693 1271 1783 plerisque

104 1793 329 1882 posterioribus
356 1792 467 1860 uitiosa
493 1805 592 1862 erant.
644 1796 695 1860 Do
726 1794 840 1860 talibus
867 1802 973 1860 autem
1000 1794 1270 1862 emendationibus

104 1893 271 1981 aliquando
287 1892 445 1959 occasione
460 1894 544 1970 data,
562 1894 613 1961 rel
630 1894 683 1961 ubi
699 1894 870 1960 consultum
888 1892 1063 1972 videbatur,
1078 1895 1269 1963 monuimus:

104 1994 160 2060 sed
181 2016 287 2060 omnes
310 1992 460 2073 indicare,
486 1996 651 2084 superflum
671 1995 831 2081 cujusdam
854 1993 965 2060 suisset
987 1993 1183 2083 diligentium
1212 2016 1269 2063 neo

103 2093 284 2182 patiebatur
302 2094 469 2160 Lecturam
485 2094 697 2171 commoditas,
716 2104 752 2161 ut
775 2093 824 2160 his
841 2102 874 2160 et
887 2093 957 2159 aliis
973 2093 1152 2182 hujusmodi
1171 2095 1268 2163 moles

104 2193 268 2260 voluminis
292 2204 472 2282 augeretur.
526 2196 572 2262 Ut
599 2206 713 2273 tamen,
737 2193 812 2281 quid
834 2193 894 2259 lrac
917 2193 949 2259 in
975 2204 1067 2281 parte
1093 2196 1268 2284 prestiter-

102 2294 194 2373 imus,
222 2293 347 2362 Lectori
373 2294 569 2362 manifestum
595 2295 659 2372 fiat,
684 2293 811 2382 aliquod
839 2293 908 2360 heic
935 2293 1089 2381 specimen
1116 2296 1268 2363 exhibere

102 2394 221 2485 placuit
245 2395 393 2476 locorum,
418 2416 489 2481 qnae
513 2396 635 2473 tacitus,
662 2393 1014 2483 optimisssditionious
1042 2396 1267 2484 praeeuntibus,

102 2518 237 2564 correxi.

177 2598 210 2663 N
211 2618 251 2662 on
269 2596 322 2663 diu
339 2595 511 2683 querenda
526 2605 620 2663 erunt
636 2595 789 2685 exempla.
842 2595 947 2664 Offert
967 2618 1002 2664 se
1023 2595 1131 2664 statim
1150 2597 1221 2666 Lib.
1239 2599 1267 2664 I.

100 2719 169 2786 cap.
186 2719 232 2763 ιιι.
252 2704 266 2784 5
286 2697 339 2766 17.
357 2717 441 2763 num.
461 2698 491 2762 2.
509 2696 576 2763 init.
621 2698 728 2764 Multi
741 2698 900 2764 alluersue
914 2699 1015 2764 talem
1027 2709 1149 2764 statuam
1167 2701 1267 2786 quari

102 2800 268 2886 bicipitem
297 2798 503 2863 incommoda
532 2799 638 2863 urrrlta
668 2817 859 2863 nnrneuur.
921 2799 973 2864 Ita
1002 2798 1200 2885 reposuimus
1227 2820 1268 2866 ex

99 2898 203 2987 primu
218 2896 374 2974 Editione,
389 2918 484 2984 quum
497 2896 527 2962 in
544 2897 612 2962 aliis
629 2897 770 2963 omnibus
787 2918 953 2985 perperam
967 2897 1092 2987 legatur
1103 2901 1266 2985 deferunt.

100 2996 170 3065 Lib.
189 3000 232 3065 lt.
250 3019 319 3086 cap.
338 3017 370 3063 v.
392 3004 406 3084 ξ
424 2999 454 3063 9.
480 3018 563 3062 num.
582 2998 613 3063 4.
671 2999 767 3079 Quod
782 2999 814 3064 ei
831 3017 890 3068 eur
908 3000 1030 3084 populi
1046 3000 1268 3067 continentius

99 3111 242 3184 eperunt,
268 3110 306 3163 ut
333 3099 488 3173 Romani,
510 3111 568 3163 ete.
621 3096 692 3162 Vox
721 3099 789 3184 qui,
818 3096 982 3164 manifesto
1009 3099 1198 3180 necessarie,
1227 3121 1267 3167 ex

100 3198 243 3265 omnibus
283 3195 493 3274 Editionibus,
527 3204 598 3285 post
629 3194 713 3261 illam
748 3195 890 3284 primam,
923 3196 1074 3265 hactenus
1106 3198 1266 3267 ablueret.

99 3299 220 3366 Eodem
238 3297 340 3384 capite
358 3304 372 3383 ξ
392 3298 445 3362 13.
470 3318 554 3363 num.
574 3299 605 3362 1.
624 3296 764 3362 eamdem
786 3296 894 3362 ducem
918 3308 1078 3384 sequutus,
1096 3298 1198 3365 rerba
1219 3322 1268 3367 se·

98 3400 227 3487 quentia
243 3397 290 3462 ita
307 3396 358 3462 edi
370 3394 470 3482 jussi:
501 3398 621 3483 Colliyi
640 3399 771 3463 uidetur
792 3419 832 3462 ec
857 3398 929 3463 illie
951 3400 1020 3464 Dei
1043 3398 1151 3465 verbio
1174 3420 1267 3466 niun

98 3503 235 3578 Morem,
258 3509 315 3564 etc.
350 3519 446 3583 quam
472 3495 504 3561 in
527 3496 597 3562 aliis
621 3496 764 3563 omnibus
788 3506 882 3562 antea
911 3496 1060 3585 scriptum
1082 3497 1195 3565 luisset
1219 3502 1267 3566 acl

97 3603 233 3668 Mosem.
298 3595 447 3662 Similiter
479 3596 547 3665 Lib.
578 3597 619 3661 lt.
653 3618 721 3684 cap.
747 3616 793 3661 ιιι.
825 3603 839 3682 ξ
867 3599 919 3663 18.
941 3618 1025 3663 num.
1054 3601 1085 3662 l.
1111 3597 1144 3664 in
1180 3599 1263 3667 fine:

96 3699 316 3769 Naturaliter
349 3698 480 3763 uidetur
513 3698 599 3762 milii
642 3716 854 3762 accusasset
879 3699 940 3783 jue
980 3700 1061 3764 dari
1093 3701 1265 3785 efficiendi,

26 3785 30 3792 ²
95 3813 143 3879 ut,
161 3818 209 3880 tc.
263 3796 347 3863 Illud
364 3800 551 3884 acceptanti
573 3818 613 3862 cx
632 3794 780 3863 Editione
803 3795 904 3884 prima
920 3798 1100 3864 restitutum
1120 3809 1190 3867 est:
1217 3801 1266 3866 ul·

95 3901 181 3968 timue
211 3900 411 3986 acceptando
438 3897 578 3963 fecerant
606 3917 645 3962 ex
673 3899 878 3983 acceptamli,
911 3897 996 3985 quod
1022 3897 1055 3963 in
1084 3897 1265 3967 Editioneru

95 4002 170 4069 anni
200 4000 288 4067 1632
319 4019 417 4087 prave
447 3997 630 4085 irrepserat.
695 3996 844 4085 Ejusdem
878 3998 948 4064 Lib.
982 4020 1049 4086 cap.
1072 4020 1131 4066 xx.
1165 4005 1263 4088 §⁴⁰-

95 4127 180 4172 num.
198 4106 228 4168 1.
252 4101 311 4169 sub
338 4101 438 4168 iuit..·
466 4100 530 4164 Sal
552 4110 583 4165 et
605 4099 644 4163 ob
665 4121 730 4177 cae,
757 4121 829 4185 qaue
849 4099 939 4185 ipsae
953 4102 1175 4187 peculiariter
1199 4125 1264 4169 aon

95 4217 244 4292 torpunt,
277 4204 334 4268 secl
356 4204 393 4266 iu
418 4201 587 4286 quibusvis
611 4202 763 4283 personis
785 4201 844 4284 jue
869 4215 1000 4268 uatrrrce
1030 4215 1091 4268 aut
1116 4205 1262 4288 petatium

94 4308 284 4373 immaniter
304 4321 459 4368 vronmur.
512 4299 564 4366 Sic
583 4299 745 4377 edidimus,
763 4322 803 4366 ex
821 4300 968 4369 Editione
984 4303 1095 4390 prime,
1111 4311 1145 4368 et
1161 4302 1260 4369 altera

94 4408 169 4474 anni
188 4407 276 4472 1632
299 4404 428 4490 reliquae
453 4401 536 4467 enim
558 4422 664 4467 omnes
681 4400 757 4467 illud
774 4403 900 4469 violant
917 4403 950 4470 in
967 4403 1170 4470 violantibus
1185 4422 1261 4469 aux·
