2774 4854
146 207 189 273 ιο
341 214 594 273 annuemus
616 193 787 283 uncum
807 214 964 274 ousruu
986 215 1057 273 s1r.
1145 211 1223 286 [nne
1233 213 1259 271 1.

146 380 211 450 ritu
236 380 336 470 iisque
365 383 469 460 rebus,
503 403 575 468 qum
609 381 770 447 interitum
799 373 966 449 videantur
994 382 1118 449 afferro
1172 380 1262 448 Hinc

147 484 242 550 etiam
258 483 305 551 ait
320 482 397 560 fieri,
415 491 451 550 ut
467 504 558 549 nemo
576 481 626 560 sit,
650 481 726 568 quin
751 505 821 549 oum
848 481 1003 550 utrumvis
1033 482 1135 555 liceat,
1165 490 1261 570 aptas

147 584 237 651 malit
261 592 295 650 et
322 582 462 672 integras
492 604 599 648 omncs
624 590 733 670 partes
751 583 899 671 corporis,
921 605 1015 671 quam
1041 581 1169 648 easdem
1198 603 1258 648 usu

146 683 325 751 imminutas
341 695 398 750 aut
413 682 553 750 detortas
570 682 708 749 habere:
732 683 929 771 primumque
953 705 1022 750 esso
1051 681 1196 760 officium,
1218 691 1258 750 ut

147 806 183 852 so
199 784 268 873 quis
284 793 449 850 conservet
465 782 498 849 in
514 792 637 849 natura
652 791 748 860 statu,
767 784 912 872 deinceps
932 793 970 852 ut
989 806 1028 851 ca
1041 791 1159 862 teneat,
1184 803 1257 870 quae

147 879 316 952 secundum
331 890 476 949 naturam
493 883 566 961 sint,
584 883 742 971 pellatque
758 885 924 951 contraria

147 1066 150 1070 Ι
224 985 246 1050 2
279 983 325 1050 At
344 984 435 1072 'post
462 982 530 1050 hacc
562 983 689 1073 cognita
717 985 806 1071 sequi
837 985 995 1053 notionem
1028 982 1256 1053 convenientias

146 1105 254 1151 rerum
270 1105 340 1149 eum
356 1083 425 1172 ipsa
440 1083 564 1150 ratione
588 1105 660 1170 qum
684 1106 816 1173 corpore
840 1095 890 1152 est
912 1085 1035 1174 potior3
1061 1096 1159 1172 atquo
1186 1107 1255 1152 eam

147 1183 405 1262 convenientiam,
431 1183 464 1252 ia
494 1205 557 1272 qua
582 1184 745 1251 honestum
766 1185 808 1254 sit
831 1186 1033 1274 propositum,
1061 1185 1163 1274 pluris
1183 1185 1257 1253 saci·

147 1283 273 1363 endam,
297 1306 393 1373 quam
408 1284 449 1352 ad
466 1306 537 1373 qum
553 1284 621 1350 sola
635 1285 770 1373 primum
793 1285 888 1351 animi
911 1285 1062 1374 appetitio
1078 1285 1255 1365 terebatnr3

148 1385 222 1474 quia
247 1385 350 1475 prima
374 1395 497 1452 naturae
524 1386 742 1453 commendent
770 1408 827 1452 nos
852 1385 977 1473 quidem
1002 1393 1100 1453 rectae
1127 1386 1256 1465 rationi,

147 1478 229 1552 '’sed
244 1485 312 1575 ipsa
326 1494 414 1552 recta
426 1484 508 1552 ratio
525 1485 628 1552 carior
643 1486 732 1553 nobis
748 1508 818 1553 esse
833 1485 949 1553 debeat
969 1507 1064 1572 quam
1086 1485 1143 1552 illa
1158 1488 1222 1555 sint
1236 1509 1258 1554 a

147 1585 260 1674 quibus
275 1585 317 1652 ad
334 1585 414 1652 hano
428 1586 613 1655 venerimus.
650 1587 729 1653 llaec
745 1608 815 1652 cum
828 1608 905 1653 rora
921 1585 984 1652 sint
1000 1595 1034 1654 ct
1046 1588 1088 1655 ab
1103 1588 1256 1666 omnibus,

147 1685 202 1775 qui
219 1685 337 1774 judicio
357 1708 433 1753 sano
459 1696 532 1753 sunt
547 1685 681 1775 praediti,
706 1687 796 1754 facile
821 1687 888 1754 sine
910 1686 973 1754 alia
989 1685 1257 1756 demonstratione

117 1796 306 1854 'assensum
334 1784 524 1876 impetrent3
555 1787 697 1874 sequitur
728 1788 762 1854 in
789 1786 996 1856 examinando
1025 1788 1101 1877 jure
1132 1798 1257 1857 naturae

147 1886 282 1976 primum
310 1885 476 1953 videndum
502 1887 578 1973 quid
606 1886 667 1953 illis
689 1897 812 1955 naturae
835 1887 931 1955 initiis
952 1897 1116 1980 congruat,
1144 1889 1259 1957 deindo

147 1987 334 2054 veniendum
352 1986 394 2053 ad
408 1986 495 2064 illud,
509 1986 593 2074 quod
610 2008 789 2076 quanquam
803 1997 874 2078 post
889 1989 999 2068 oritur,
1010 1990 1138 2080 dignius
1152 1999 1260 2058 tamen

190 2180 203 2209 ⁸
217 2173 280 2222 Post
295 2173 346 2221 tooeo
364 2173 460 2234 coquito
477 2173 545 2234 ecqui
560 2173 675 2221 notium
769 2173 782 2210 θ
796 2173 847 2224 Sed
864 2175 920 2237 ipso
933 2180 999 2225 vecta
1012 2178 1080 2225 ratio
1093 2177 1180 2226 carior
1192 2178 1262 2226 nota

147 2249 308 2299 wnecaicntiae
327 2263 407 2296 rerum
426 2263 478 2296 cum
498 2250 553 2309 ipsa
570 2247 675 2310 ratione]
724 2265 773 2300 ecee
791 2252 880 2308 demae
894 2267 966 2314 paam
981 2253 1027 2301 ilia
1040 2253 1090 2302 sint
1103 2269 1122 2301 a
1131 2256 1219 2316 poitur
1227 2255 1262 2303 od

147 2328 393 2387 &recaeperunt
402 2324 677 2387 qamdnmdumomnie
726 2327 938 2389 harceencrimuc]
954 2329 1052 2387 Seneca,
1061 2344 1098 2391 ep.
1109 2343 1197 2378 auvr
1208 2347 1216 2378 s
1229 2330 1262 2378 Id

145 2407 236 2450 natura
255 2401 338 2448 honam
356 2416 424 2448 saum
444 2401 493 2447 aiei
516 2405 677 2448 commorata
724 2404 973 2466 iupuoqacoptimwm
983 2406 1202 2466 est,cutnaceitwr,
1214 2422 1261 2468 quo

146 2492 192 2524 non
204 2477 308 2538 profert.
323 2476 359 2523 ita
374 2477 475 2522 hominis
488 2475 574 2522 ιοοοοι
584 2489 631 2522 aon
643 2481 679 2524 ert
726 2486 849 2537 cometam
864 2481 890 2526 in
905 2481 997 2528 homine
1010 2482 1124 2542 optim
1135 2483 1197 2544 quta
1207 2482 1261 2532 ut!

146 2555 172 2600 in
181 2553 280 2613 homine,
289 2553 337 2601 nisi
348 2566 400 2601 eum
409 2553 436 2600 ia
444 2552 487 2600 uto
497 2553 562 2599 ratio
568 2551 679 2614 persicta
727 2556 812 2604 Ratio.
821 2557 876 2603 vids
886 2561 912 2604 ct
926 2571 963 2618 cp.
973 2557 1036 2607 oui.
1051 2562 1079 2607 ct
1090 2558 1170 2609 cxxiv.
1185 2558 1261 2608 duvo-

145 2635 188 2679 ne,
728 2626 957 2690 auiis,Satprarv:

146 2886 224 2955 parts
237 2879 271 2936 of
281 2880 326 2936 his
336 2878 413 2951 body
426 2877 517 2934 sound
529 2876 586 2932 and
600 2876 699 2939 whole,
712 2874 886 2933 ratberthan
898 2874 1021 2933 maimed
1035 2875 1094 2933 ond
1108 2877 1256 2938 distortcd.

147 2969 209 3024 The
217 2969 279 3023 tivst
289 2967 417 3022 business
431 2964 465 3021 οι·
473 2964 543 3020 each
554 2965 578 3020 is
592 2971 623 3021 to
634 2980 765 3036 preserve
776 2963 893 3019 himself
901 2964 931 3018 in
942 2962 993 3020 tho
1004 2969 1079 3021 state
1093 2965 1130 3022 of
1139 2974 1257 3032 naturec

146 3054 197 3110 the
214 3061 291 3119 next,
304 3059 335 3109 to
347 3053 439 3107 retain
454 3051 530 3108 what
543 3053 568 3107 is
584 3051 737 3123 according
753 3056 784 3107 ιο
798 3057 910 3117 nature,
923 3050 981 3106 and
995 3057 1027 3108 to
1043 3053 1136 3125 reject
1145 3053 1222 3110 what
1233 3055 1257 3111 is

147 3145 280 3213 contrary
292 3148 322 3195 ιο
335 3140 366 3194 it.

205 3234 222 3282 2
244 3226 327 3281 After
340 3225 396 3281 thIs
408 3224 559 3299 Principlc‚
575 3226 657 3282 there
669 3224 778 3280 follows
792 3223 920 3280 nnotion
932 3222 966 3279 ot
976 3222 1026 3279 the
1040 3223 1214 3298 Agreenrent
1227 3226 1259 3285 ot

146 3313 241 3387 things
263 3312 330 3368 with
345 3313 466 3378 liemon,
481 3312 570 3368 which
593 3314 616 3368 is
634 3313 763 3385 superior
779 3319 810 3369 ιο
824 3310 874 3366 ιιο
885 3310 978 3382 body;
999 3311 1056 3366 and
1071 3311 1129 3369 this
1151 3314 1255 3387 Agroe-

146 3409 234 3465 mcnt‚
254 3400 284 3455 in
299 3398 389 3454 which
404 3399 479 3455 what
494 3401 516 3455 is
532 3400 697 3455 reasonable
712 3393 875 3465 (honestum)
891 3396 1022 3453 becomes
1037 3415 1091 3454 our
1113 3399 1217 3473 object,
1232 3403 1255 3458 is

145 3505 214 3543 scen
228 3493 259 3542 ιο
273 3486 309 3542 ιο
327 3486 360 3541 of
370 3502 449 3540 moro
464 3487 639 3558 importance
654 3487 724 3541 than
738 3484 820 3541 those
834 3483 928 3555 things
943 3489 974 3539 to
994 3484 1086 3540 which
1106 3486 1191 3544 alone
1208 3488 1255 3545 ιιο

145 3576 208 3630 first
222 3573 341 3645 impulso
354 3573 388 3628 ot
399 3575 526 3645 appetite
541 3573 656 3628 tended.
703 3573 764 3629 The
783 3574 845 3628 first
859 3570 1003 3642 Principio
1019 3567 1066 3643 [of
1080 3573 1254 3648 sels-preser.

144 3655 254 3731 votion]
269 3660 430 3716 commenda
446 3678 478 3715 us
490 3670 521 3717 ιο
533 3659 622 3732 Iligbt
637 3662 765 3725 Reason3
779 3659 832 3715 but
844 3657 933 3730 right
947 3658 1062 3714 Reason
1073 3660 1165 3733 ought
1179 3668 1210 3719 ιο
1220 3663 1254 3720 ιο

145 3749 246 3805 dearer
258 3755 288 3803 to
300 3764 333 3802 us
345 3746 414 3801 than
426 3747 507 3804 those
519 3748 614 3820 things
628 3748 667 3821 by
677 3747 768 3802 which
783 3763 824 3802 vve
836 3763 910 3802 wcrc
922 3746 985 3802 tir-st
996 3746 1043 3802 led
1056 3753 1087 3803 ιο
1101 3765 1154 3805 use
1167 3751 1201 3808 it.

204 3835 272 3889 This
285 3835 307 3889 is
320 3833 438 3888 allowed
453 3835 490 3906 by
505 3836 543 3890 all
559 3835 621 3891 who
633 3852 682 3890 are
695 3833 729 3890 of
739 3835 830 3889 sound
845 3833 933 3900 mind,
947 3833 1067 3891 without
1080 3834 1254 3894 demonstra·

144 3922 216 3978 tion.
262 3922 361 3976 llence
378 3922 406 3974 in
422 3923 582 3991 examining
596 3923 671 3977 wlrat
688 3938 787 3978 aarees
801 3920 870 3976 with
888 3920 1011 3976 Natural
1030 3921 1109 3991 Law
1123 3941 1167 3992 mi
1183 3932 1256 3999 ruunt

661 3969 818 4004 ...B-...m
828 3987 892 3999 ...-

145 4010 207 4064 tirst
219 3980 694 4067 see‘rihififfi‘e‘s‘iiir’rlhi‘drse
706 4007 1253 4084 prr-ngrplgotssb-elgmpemwnd
1298 4072 1300 4085 Ι

141 4087 309 4151 allemands
324 4095 445 4168 proceed
461 4103 491 4150 to
507 4097 569 4151 that
589 4096 687 4172 which
705 4096 814 4168 though
833 4096 1175 4175 §nglsso
1191 4097 1257 4158 isai

144 4191 258 4268 greater
273 4184 396 4256 digrrity;
412 4183 469 4237 aud
481 4191 556 4238 must
571 4192 622 4239 not
636 4185 703 4257 only
714 4191 813 4256 accept
827 4185 860 4249 ir,
872 4183 898 4238 u
909 4184 933 4239 it
946 4184 984 4240 bo
994 4185 1112 4253 offered,
1123 4167 1254 4245 officit

143 4270 169 4326 it
182 4271 249 4326 with
265 4272 302 4326 all
317 4289 389 4327 care.

203 4363 220 4413 3
242 4358 310 4415 This
323 4359 424 4430 object,
439 4358 513 4414 wirot
532 4359 555 4414 is
569 4358 744 4423 reasonable,
759 4353 930 4426 (honestam)
944 4355 996 4415 bae
1007 4358 1144 4420 different
1157 4379 1254 4438 ranges

143 4444 176 4500 ln
186 4444 320 4502 different
330 4464 417 4515 cases,
428 4447 579 4520 according
590 4452 621 4504 ιο
632 4445 683 4505 tho
694 4446 830 4523 diversity
841 4447 875 4505 οι
883 4444 932 4504 ιιο
944 4453 1058 4507 matter.
1087 4449 1255 4512 sometime
