2774 4854
231 193 295 264 176
543 203 597 261 DE
619 205 745 261 BELLO
768 203 1028 262 SUBDITORUM
1230 202 1309 276 [Ian.
1322 207 1349 263 1.

64 397 192 438 rnorem
229 369 382 439 Ariannm
399 381 433 440 et
452 370 599 440 Ecclesiae
615 393 756 461 gravem,
775 372 822 439 uti
838 370 947 443 noluit.
991 371 1044 440 Sic
1060 370 1222 440 Julianum
1241 372 1348 442 deiec-

62 444 208 531 ΗΜ
229 482 330 540 torem
352 496 423 540 cum
442 472 578 563 pessima
598 473 726 540 consilia
746 473 893 563 agitaret,
919 473 1068 561 lacrymis
1091 471 1346 540 Christianorum

63 596 180 682 prepete
229 594 418 662 repressum,
444 574 492 640 ait
521 571 747 650 Nazianzenus,
778 573 908 653 addens,
935 567 1163 645 τοῦτομόνον
1189 568 1346 668 ἑχόντων

63 651 185 738 effi-m
230 671 319 744 sarci
335 668 475 745 dteixrov
497 670 683 771 φάρμακον,
704 675 907 761 petasatum
923 678 984 742 ltec
1003 688 1119 743 centra
1134 688 1345 763 persequuto-

198 764 200 770 ’
228 798 297 842 rem
321 788 394 843 eret
418 778 606 842 remedium.
657 774 755 861 Atqui
781 775 937 842 exercitus
958 776 1026 864 ejus
1051 776 1150 843 ferme
1174 776 1278 843 omnis
1302 799 1343 842 cx

61 892 187 945 Meet
229 875 417 943 Christianis
432 876 603 942 constabat
655 875 747 942 Adde
764 875 858 962 quod,
885 887 921 944 ut
938 878 1086 945 observat
1101 877 1186 944 idem
1204 875 1342 944 Narist-

228 997 332 1054 zenus,
357 974 480 1042 saevitia
499 974 554 1041 illa
570 977 592 1042 J
595 975 690 1042 uliaui
711 999 774 1042 non
792 986 914 1043 tantum
930 977 963 1043 iu
985 974 1182 1045 Christianos
1198 990 1272 1046 erat
1292 978 1338 1045 in-

214 1073 319 1164 ·juria,
344 1075 401 1142 sed
424 1084 458 1142 et
482 1076 704 1163 rempublicam
725 1077 758 1143 in
779 1099 933 1143 summum
958 1078 1136 1145 adduxerat
1155 1078 1338 1168 periculum.

227 1176 368 1262 Accedat
392 1177 442 1244 his
467 1175 545 1243 illud
574 1176 752 1265 Augustini,
782 1178 834 1244 ubi
863 1178 918 1245 illa
945 1179 1087 1266 Apostoli
1111 1179 1154 1245 ad
1179 1179 1338 1246 Romanos

61 1286 214 1386 &siffis
227 1277 313 1345 dicta
329 1277 483 1365 explicati
508 1280 645 1344 Necesse
666 1291 713 1344 est
729 1291 865 1364 propter
887 1281 975 1346 Itane
990 1283 1095 1346 vitam
1114 1302 1175 1346 nos
1194 1282 1339 1347 tutanos

169 1364 175 1375 ’
227 1400 293 1446 esse
316 1389 470 1466 opertere,
494 1400 559 1444 non
583 1380 766 1445 resistentes
788 1380 820 1446 si
841 1381 922 1467 quid
941 1381 997 1447 illi
1016 1382 1181 1466 (rectores)
1207 1383 1339 1468 auferre

226 1481 398 1546 voluerint.
930 1496 932 1501 ’

298 1580 357 1648 Vl.
393 1581 412 1644 1
444 1578 568 1645 Inventi
585 1588 658 1647 sunt
675 1591 782 1648 nostro
799 1581 912 1648 saeculo
931 1581 992 1648 viri
1008 1578 1124 1650 eruditi
1137 1579 1266 1669 quidem
1283 1581 1336 1659 illi,

227 1680 285 1747 ssd
306 1678 500 1768 temporibus
524 1688 558 1746 et
580 1679 655 1746 locis
679 1680 807 1748 nimium
835 1682 1018 1761 servientes,
1045 1681 1098 1768 qui
1119 1681 1179 1748 sibi
1203 1681 1336 1771 primum

227 1781 286 1867 (ita
309 1779 517 1864 salmeredo)
541 1779 653 1847 deiude
677 1781 746 1847 aliis
768 1782 1006 1869 persuaderent,
1023 1805 1061 1849 ea
1077 1803 1149 1868 quae
1168 1780 1239 1870 jam
1256 1782 1337 1850 dicta

226 1890 309 1959 suut,
335 1881 437 1948 locum
459 1879 579 1947 habere
601 1879 634 1946 in
656 1881 798 1969 privatis,
820 1886 906 1948 nnon
931 1882 1025 1949 etiam
1049 1882 1082 1950 in
1103 1882 1337 1972 magistratibus

226 1981 436 2062 inferioribus,
466 1981 579 2068 quibus
599 1979 653 2067 jus
680 2004 749 2048 esse
774 1991 886 2070 putant
915 1982 1079 2050 resistendi
1108 1981 1233 2071 injuriis
1262 1983 1335 2072 ejus,

226 2081 314 2169 cujus
330 2104 482 2148 summum
498 2091 547 2148 est
559 2080 743 2169 imperium
761 2081 823 2149 imo
836 2092 869 2149 et
886 2105 1016 2169 peccare
1029 2105 1092 2162 ees,
1108 2082 1142 2148 ni
1154 2083 1187 2150 id
1206 2083 1333 2151 saciant:

226 2202 297 2268 quat
324 2181 427 2271 opinio
456 2181 652 2248 admittenda
680 2203 743 2246 non
774 2191 832 2249 est
883 2183 968 2248 Nam
999 2183 1079 2251 sicut
1103 2182 1137 2249 iu
1168 2182 1337 2252 dialecticis

225 2280 363 2370 ⁰speoies
379 2281 574 2359 intermedia,
596 2282 622 2346 si
638 2303 738 2370 genus
754 2281 912 2369 respicias,
935 2292 985 2349 est
1000 2283 1138 2372 speeies;
1162 2283 1336 2373 sispeciem

224 2381 310 2450 inira
330 2381 473 2471 positam,
491 2404 610 2470 genus:
636 2382 682 2447 ita
703 2381 906 2470 magistratus
926 2383 982 2461 illi,
1004 2383 1189 2450 inferiorum
1213 2385 1336 2472 quidem

225 2483 348 2550 ratione
369 2481 489 2559 habita,
513 2490 587 2547 sunt
608 2480 740 2569 publicae
763 2503 925 2570 personae3
942 2493 977 2549 at
996 2482 1174 2572 superiores
1195 2485 1223 2551 si
1241 2485 1337 2552 consi·

225 2583 387 2660 darentur,
405 2581 520 2669 privati
537 2592 619 2648 sunt.
670 2581 755 2646 Nam
772 2581 870 2647 omnis
889 2583 1020 2649 facultas
1040 2583 1250 2672 gubernandi,
1267 2607 1336 2673 qun

225 2692 275 2751 eet
299 2682 332 2748 in
347 2681 592 2770 magistratibus,
619 2703 747 2747 summae
764 2683 913 2769 potestati
938 2682 984 2749 ita
998 2683 1172 2771 subjicitur,
1200 2698 1238 2753 ut
1253 2685 1336 2773 quic-

180 2825 185 2832 ·
226 2782 302 2871 quid
320 2791 431 2850 contra
448 2780 640 2847 voluntatem
657 2781 767 2846 summi
784 2781 967 2869 imperantis
982 2783 1107 2860 faciant,
1124 2783 1159 2849 id
1180 2784 1336 2852 defectum

226 2885 268 2950 sit
283 2905 323 2949 ea
344 2881 504 2964 facultate,
523 2903 560 2946 ac
576 2880 708 2968 proinde
725 2903 782 2967 pro
800 2895 872 2947 actu
889 2882 1012 2969 privato
1035 2883 1225 2951 habendum.
1279 2887 1336 2951 Lo

60 3010 204 3050 smne
227 2982 394 3050 cumcuim
417 2981 467 3048 hic
484 3002 606 3068 quoque
624 2980 729 3057 habet,
746 2981 830 3068 quod
847 2982 956 3049 dicunt
978 2983 1172 3072 Philosophi,
1194 2986 1336 3053 ordinem

58 3058 205 3107 'mm'
226 3106 290 3152 nen
305 3082 387 3163 dari,
405 3081 464 3147 nisi
481 3104 550 3148 oum
565 3079 716 3146 relatione
733 3081 773 3147 ad
791 3081 909 3168 aliquid
926 3083 1071 3171 primum.

271 3268 284 3296 ¹
299 3260 356 3308 Non
370 3261 441 3308 etiarn
459 3261 485 3306 in
499 3258 679 3319 machomitae
694 3256 755 3318 inse·
805 3257 968 3318 politlcornm,
978 3263 1004 3306 et
1014 3259 1063 3305 alii.

223 3338 343 3401 rioribus]
367 3339 455 3385 Petrus
475 3339 569 3397 hlartyr
589 3335 756 3382 reddedirunt
850 3341 862 3365 ⁰
877 3332 973 3393 Species
992 3333 1143 3394 intermedie]
1178 3335 1266 3384 Genus
1285 3349 1335 3398 spe·

224 3429 269 3466 111.
294 3416 391 3462 Parmos
405 3415 436 3460 ud
452 3426 514 3460 χιιι.
529 3418 603 3473 caput
617 3413 648 3457 ad
666 3412 755 3457 Rorna-
805 3408 865 3455 ciale
872 3410 970 3455 Senecas
980 3410 1084 3470 epistola
1094 3423 1171 3462 avrti.

225 3505 281 3548 nos,
294 3489 386 3538 danitas
403 3490 503 3547 Brutus,
520 3486 627 3535 Danaeus
642 3486 704 3532 libro
720 3499 755 3533 tr.
817 3523 820 3528 ,
850 3483 947 3531 cordo
967 3489 989 3532 et
1012 3486 1222 3553 ὑπαλληλισμδς]
1249 3489 1291 3539 Sic
1311 3491 1334 3538 ln

223 3737 369 3811 repressed
384 3736 452 3809 only
463 3737 501 3809 by
512 3733 562 3791 the
574 3742 648 3791 tears
664 3731 727 3805 [not
742 3735 790 3790 the
800 3729 887 3804 arms]
902 3736 935 3790 of
944 3736 993 3792 tho
1007 3735 1175 3793 Christiane.
1211 3737 1278 3795 And
1288 3746 1334 3812 yet

222 3824 267 3879 his
288 3842 369 3896 army
386 3823 527 3879 consisted
549 3824 652 3878 almost
673 3823 793 3894 entirely
808 3823 841 3877 oi
857 3823 1021 3878 Christiane.
1057 3822 1122 3877 Add
1142 3829 1173 3879 to
1194 3825 1252 3882 this
1274 3827 1334 3884 thet

222 3909 342 3965 Julian's
360 3910 469 3980 eruclty
483 3926 539 3962 nas
554 3916 605 3963 not
622 3909 689 3981 only
704 3926 721 3963 a
736 3927 831 3980 wrong
847 3918 876 3964 te
892 3909 941 3965 the
957 3909 1123 3975 Christiane,
1143 3910 1197 3968 but
1212 3912 1334 3987 brought

223 3995 273 4051 the
288 3997 369 4050 State
387 3996 448 4049 into
463 4004 543 4066 great
558 3995 674 4065 danger.
711 3996 750 4050 So
764 3998 930 4065 Augustino.

280 4083 332 4137 VI.
372 4088 386 4135 1
420 4082 504 4136 Some
520 4081 635 4137 learned
650 4099 716 4138 men
731 4085 764 4137 of
777 4101 830 4138 our
845 4085 921 4147 time,
936 4082 1061 4155 yiclding
1075 4091 1124 4140 too
1139 4085 1227 4143 much
1241 4095 1274 4144 tc
1288 4087 1334 4144 the

222 4170 376 4226 influonces
391 4167 424 4222 of
435 4169 504 4222 time
519 4170 574 4222 and
584 4170 673 4240 place,
687 4170 758 4226 liare
773 4170 930 4242 persuaded
943 4172 1004 4224 first
1018 4171 1189 4228 themselves
1204 4171 1266 4242 (for
1276 4174 1334 4231 sol

221 4255 344 4323 believe)
360 4255 416 4310 aud
432 4254 501 4310 then
516 4255 620 4319 others,
636 4257 698 4312 that
714 4258 778 4320 this,
794 4256 902 4327 though
918 4263 981 4311 true
996 4257 1029 4311 of
1040 4259 1151 4329 private
1166 4276 1296 4332 persons,
1312 4262 1334 4316 is

221 4351 273 4401 not
287 4351 352 4399 true
367 4343 400 4398 oi
409 4343 739 4421 &Qu-atem
757 4342 1335 4421 tim-plfflwgummoe,

221 4432 278 4491 and
293 4429 382 4503 ought
397 4436 427 4486 to
442 4445 492 4484 use
507 4430 544 4484 it·
560 4430 613 4484 uhi
632 4430 649 4484 h
704 4433 779 4486 inion
793 4433 816 4487 is
831 4442 883 4486 not
897 4441 927 4485 to
943 4430 978 4485 be
993 4429 1140 4486 admitted.
1180 4434 1242 4490 Fer
1256 4435 1335 4493 those
