2774 4854
246 224 311 292 238
542 234 595 292 DE
617 234 692 301 ms,
715 234 807 302 QUAE
829 231 1051 292 notumne
1233 230 1311 305 [Iam
1324 235 1358 294 Π.

245 397 394 492 nequitate
411 401 547 470 nstnrnli
563 401 734 468 recesserit
785 403 869 468 Nem
894 400 920 469 si
946 399 1070 490 scriptae
1093 397 1194 466 etium
1214 398 1359 493 legesin

245 526 317 571 enm
334 526 459 571 censum
476 502 639 571 trahente
656 511 729 568 sunt
750 513 905 589 qnatenus
920 502 989 569 ficri
1007 509 1121 590 potest,
1139 499 1247 569 multo
1264 503 1359 595 magis

245 626 358 684 meres,
375 603 431 691 qni
446 603 632 692 scriptorum
649 602 778 669 vinculis
794 627 857 670 non
874 614 1030 672 tenentur.

247 713 251 721 ’
319 706 341 770 2
375 704 459 771 Ilinc
475 704 575 792 primo
591 704 742 790 seqnitur,
759 703 792 769 in
809 704 993 795 gravissime
1015 701 1207 772 necessitate
1230 702 1358 772 revivis-

246 826 319 872 cere
339 805 405 892 'jus
425 804 502 871 illud
519 804 683 894 pristinum
704 806 798 871 rebus
817 806 935 882 utendi,
954 814 1103 893 tanquam
1123 802 1154 870 si
1177 826 1358 873 communes

245 904 449 973 mansissent:
475 904 550 992 quie
573 905 606 971 in
632 904 773 973 omnibns
789 906 911 995 legibus
938 905 1091 988 nummis,
1111 927 1152 973 ac
1170 905 1312 994 proinde
1328 916 1358 974 et

244 1004 279 1071 in
293 1004 366 1093 lege
382 1003 519 1083 dominii,
537 1028 657 1073 summe
673 1006 726 1073 illo
742 1007 909 1074 necessitas
926 1005 1051 1074 videtur
1066 1017 1214 1096 excepta.

79 1121 203 1173 nnete
318 1107 340 1171 3
383 1104 469 1171 Hinc
502 1104 589 1183 illud,
613 1119 649 1174 ut
675 1106 707 1172 in
736 1107 944 1196 navigatione,
972 1105 1153 1194 siquando
1184 1106 1357 1176 defecerint

79 1181 232 1224 mm
245 1203 373 1287 cibaria,
405 1206 490 1294 qnod
519 1205 649 1293 quisquo
676 1207 783 1284 hebet,
813 1208 1034 1274 incommune
1063 1209 1206 1276 conferri
1238 1209 1355 1277 debeat

78 1318 230 1408 322¹}ng
245 1305 299 1374 Sic
315 1316 348 1373 et
364 1305 552 1374 defendendi
566 1306 627 1372 mei
643 1330 736 1374 cause
751 1307 841 1374 vicini
859 1306 1022 1374 aeditieium
1037 1318 1107 1373 orto
1130 1309 1285 1376 incendio
1301 1310 1355 1376 dis·

77 1428 195 1519 effingi
244 1427 349 1494 erpere
373 1427 516 1494 pessum:
545 1413 577 1472 et
602 1406 691 1474 senes
711 1419 766 1474 out
791 1409 872 1474 rotie
896 1406 1080 1483 discindere,
1104 1407 1141 1474 in
1168 1431 1247 1496 qnoe
1274 1409 1355 1477 noris

106 1522 208 1573 carust
244 1529 314 1573 men
329 1505 464 1595 impulse
480 1515 537 1584 est,
556 1505 598 1572 csi
614 1507 706 1575 aliter
722 1508 870 1595 explicari
891 1505 1009 1594 neqmt
1063 1507 1147 1586 Qun
1165 1510 1279 1578 omnin
1291 1510 1354 1600 lege

243 1605 326 1675 civili
341 1629 404 1672 nen
419 1606 606 1686 introducta,
622 1609 677 1674 sed
694 1609 834 1696 exposito
850 1618 932 1676 sunt.

81 1736 218 1779 nonen
318 1709 342 1774 4
374 1707 458 1775 Nem
472 1715 506 1774 ct
521 1707 605 1774 intcr
628 1707 805 1798 Theoleges
829 1717 957 1796 recepte
978 1707 1138 1776 sententie
1162 1717 1226 1789 est,
1252 1711 1286 1778 in
1305 1709 1353 1778 nt

77 1783 216 1918 &mi
243 1807 437 1887 necessitato,
454 1807 482 1874 si
498 1807 567 1896 quis
580 1810 664 1895 qued
680 1809 722 1875 nd
739 1809 834 1876 citam
850 1830 940 1875 snum
954 1809 1166 1877 necessarium
1183 1818 1247 1889 cst,
1259 1819 1352 1878 sumet

77 1888 217 2022 afflig·
243 1908 379 1991 aliunde,
406 1932 478 1975 eum
502 1908 621 1977 furtum
643 1932 705 1976 non
728 1908 940 1978 committere:
966 1907 1054 1996 cujus
1079 1910 1280 1979 definitionis
1297 1933 1352 1978 non

243 2009 312 2076 hec
328 2031 423 2077 cause
439 2018 496 2086 est,
518 2031 613 2098 quom
635 2011 773 2077 nonnulli
792 2010 949 2088 adierunt,
969 2009 1054 2097 qnod
1077 2011 1127 2078 rei
1152 2012 1303 2080 dominns
1317 2032 1351 2078 ex

243 2109 384 2178 carinus
399 2110 510 2200 regule
525 2132 594 2177 rem
618 2111 723 2199 egenti
742 2111 818 2177 dore
842 2121 977 2191 tenetur,
997 2111 1053 2176 sed
1068 2112 1157 2198 qnod
1175 2135 1233 2182 res
1251 2134 1350 2181 omncs

242 2208 277 2277 in
293 2210 433 2278 dominos
455 2210 616 2287 distincte,
643 2233 713 2276 oum
739 2210 874 2300 benigne
892 2210 1027 2298 quodam
1044 2213 1235 2300 receptione
1252 2213 1351 2304 primi·

242 2309 301 2378 tivi
320 2309 402 2401 juris
425 2309 600 2378 videantur.
643 2309 725 2376 Nem
749 2310 777 2376 si
795 2309 888 2398 primi
904 2310 1054 2378 divisores
1070 2310 1272 2405 interrogati
1285 2311 1350 2381 iuis·

285 2489 297 2523 ²
312 2488 583 2538 Conierl’erersnenr.
597 2485 768 2535 Danrclt'nt.
819 2488 888 2535 cendi
899 2487 1001 2536 incendii
1012 2503 1093 2537 cnusn.

241 2571 264 2615 et
280 2566 349 2616 Gertt.
364 2565 418 2612 Lib.
436 2579 465 2612 n.
481 2564 576 2625 cepti.
592 2562 606 2624 ξ
621 2562 710 2621 ent.
726 2563 769 2610 nbi
862 2561 986 2609 temnet
1005 2564 1078 2624 iaeycne
1089 2564 1210 2628 srenqic]
1237 2565 1349 2630 Quicquid

143 2680 146 2687 .
241 2646 412 2703 argumentum
427 2640 492 2687 istud
507 2638 644 2686 ndcurntius
660 2644 767 2699 pertruc·
818 2638 1278 2700 cocyn,cefendtc.1.in.eontr.xxvti.
1304 2644 1346 2690 ns·

240 2723 314 2765 ΜΨ·
345 2715 417 2763 Η·
818 2715 904 2775 emptis
915 2715 977 2762 idem
989 2716 1081 2762 Senecn
1090 2716 1204 2766 illumiret
1216 2720 1244 2766 in
1256 2733 1345 2778 excerp

283 2790 340 2837 eSi
361 2790 433 2837 aliter
452 2789 571 2849 crpliceri
590 2785 678 2848 nequit]
700 2786 769 2833 Telis
817 2790 849 2836 tis
870 2791 1037 2836 controversie)
1058 2803 1094 2837 tv.
1111 2792 1179 2850 (Lib.
1198 2796 1250 2854 ry.)
1268 2795 1345 2842 Nm·

241 2881 291 2915 non
307 2866 442 2928 procedunt
457 2865 502 2911 nisi
518 2879 547 2910 ex
563 2877 651 2923 mngne
666 2868 692 2909 ct
711 2864 768 2909 sutis
817 2863 936 2918 citarent,
953 2879 1004 2925 qne
1020 2865 1121 2926 navigia
1130 2867 1207 2925 jad„
1223 2875 1344 2918 m,

241 2943 376 2991 neccmrin
386 2956 465 2990 cunm.
495 2939 613 3000 Ulpianus
622 2939 639 2984 1.
656 2938 684 2984 Si
695 2938 767 2984 cline.
816 2942 942 2987 necessitas
954 2946 995 2998 cet,
1012 2954 1066 3002 qna
1081 2942 1165 2991 nint,
1180 2946 1297 2995 mea
1309 2959 1345 3006 Ψ

240 3019 318 3082 μυ.
334 3019 399 3080 eumd
411 3020 437 3066 ci
451 3023 494 3065 cet
507 3017 586 3064 clun:
603 3015 644 3061 ubi
659 3015 768 3075 seqnitur
814 3017 915 3076 primite
927 3016 1091 3066 macriani
1100 3019 1275 3084 lectenporie.
1291 3023 1345 3071 Ἠ».

239 3097 377 3159 exemplum
387 3095 447 3142 illud
458 3095 488 3141 de
498 3093 589 3140 edibus
598 3091 714 3138 intercisis
727 3103 766 3136 er·
817 3092 906 3140 odorus
917 3093 1053 3141 Priscianus
1068 3093 1139 3144 Vctrte
1151 3096 1288 3149 maim,-
1301 3097 1346 3146 1172.

884 3229 1047 3245 ————.

296 3319 314 3369 2
336 3313 435 3370 Hence
447 3314 470 3370 it
484 3313 598 3378 follows,
614 3312 674 3368 that
690 3314 718 3367 iu
731 3322 855 3372 extreme
868 3320 1014 3393 necessity,
1029 3321 1079 3379 the
1093 3326 1220 3397 pristine
1235 3329 1310 3403 right
1319 3327 1347 3385 ei

238 3402 320 3474 using
337 3402 431 3473 things
446 3403 603 3464 revincens
619 3400 643 3455 if
653 3400 719 3472 they
731 3401 786 3454 hod
803 3405 945 3461 remained
957 3425 1102 3465 common:
1119 3411 1212 3470 scrin
1227 3417 1267 3471 all
1278 3417 1343 3480 lens,

237 3488 295 3544 end
306 3487 372 3545 thus
385 3490 414 3543 in
429 3487 477 3543 tho
492 3487 545 3542 lew
557 3487 590 3542 ef
599 3487 764 3558 enncrship,
779 3497 904 3546 extreme
919 3496 1056 3567 necessity
1069 3497 1092 3552 is
1108 3503 1263 3573 excepted.

290 3581 307 3631 3
335 3575 434 3631 Hence
452 3573 501 3631 the
519 3574 589 3638 rulo,
608 3574 669 3628 that
687 3575 715 3627 in
734 3590 751 3627 n
772 3592 886 3648 voyage,
905 3579 931 3632 if
945 3580 993 3636 the
1008 3583 1167 3654 provisions
1187 3604 1247 3644 run
1263 3587 1357 3653 short*

235 3661 312 3719 what
329 3662 399 3718 ench
418 3679 472 3718 one
487 3661 537 3717 has
556 3668 629 3716 must
647 3661 682 3715 be
698 3661 806 3714 threnn
825 3663 885 3719 inte
904 3665 952 3720 the
974 3684 1106 3725 commen
1124 3673 1223 3731 steck.
1260 3676 1299 3731 So
1318 3682 1343 3731 te

235 3767 367 3823 preserve
386 3767 434 3822 my
447 3749 537 3804 house
558 3748 630 3802 from
649 3765 666 3801 a
688 3748 889 3820 centlngrotien
908 3751 998 3808 nhich
1019 3755 1043 3810 is
1061 3758 1173 3832 raging,
1189 3778 1241 3836 my
1255 3762 1343 3836 nejgn

235 3835 329 3892 beur's
344 3835 432 3891 house
451 3853 515 3906 ntny
530 3835 566 3888 bc
581 3834 676 3905 pullcd
691 3833 787 3889 donn:
807 3837 863 3890 nncl
882 3855 964 3911 repes
980 3856 1013 3895 or
1027 3850 1090 3900 nets
1104 3862 1171 3918 moy
1187 3847 1229 3906 be
1247 3857 1303 3918 cut,
1318 3848 1345 3905 οἱ

234 3921 326 3976 which
339 3938 394 3993 any
406 3920 468 3993 ship
481 3921 532 3976 has
546 3938 599 3974 run
615 3922 683 3985 seul,
696 3921 721 3974 if
730 3923 752 3976 it
764 3932 867 3979 cannot
882 3925 917 3980 bc
930 3929 1085 3987 extricnted
1100 3933 1267 3994 otherwise.
1303 3936 1342 3993 nn

234 4008 324 4064 which
340 4008 414 4063 rulcs
426 4025 475 4063 ore
490 4015 539 4063 not
555 4008 720 4064 introduced
736 4009 772 4082 by
788 4009 836 4066 the
852 4011 921 4066 Ciril
935 4015 1010 4082 Lan,
1023 4018 1077 4074 bnt
1088 4018 1128 4094 by
1144 4020 1198 4080 the
1210 4025 1343 4102 interpre-

234 4097 339 4154 tatione
351 4095 385 4150 of
394 4095 424 4150 it.

288 4190 306 4238 4
324 4183 383 4238 For
397 4199 498 4253 among
507 4182 693 4251 Thcoleginns
704 4184 771 4249 else,
782 4185 803 4240 it
814 4186 836 4240 is
846 4203 862 4240 a
873 4189 1001 4245 received
1012 4191 1139 4264 opinion,
1151 4196 1223 4256 that
1237 4202 1267 4257 jn
1282 4199 1342 4258 such

236 4272 412 4343 necessity,
424 4270 449 4324 n·
457 4287 512 4340 any
524 4286 577 4323 one
591 4271 656 4324 take
667 4271 739 4325 nnat
750 4273 772 4326 is
783 4290 928 4346 necessary
938 4282 967 4330 te
978 4275 1077 4334 hislife
1087 4281 1164 4337 from
1174 4303 1236 4361 any
1247 4287 1341 4345 othere

233 4364 378 4433 property,
393 4357 429 4414 lte
444 4357 510 4412 decs
526 4363 576 4411 not
591 4359 706 4413 commit
724 4359 812 4415 thcfc:
833 4361 866 4416 of
878 4361 967 4416 which
982 4364 1043 4420 rulo
1059 4365 1110 4423 the
1125 4386 1233 4430 reason
1248 4374 1281 4439 is,
1298 4379 1341 4431 not

234 4442 298 4503 tnnc
309 4443 400 4503 which
410 4461 488 4502 some
496 4443 594 4517 nllcgc,
606 4443 667 4500 thet
676 4445 723 4503 the
739 4464 833 4504 owner
845 4449 877 4505 es
889 4448 937 4506 the
949 4454 1120 4529 propertyis
1134 4455 1240 4519 bound
1248 4462 1340 4536 regin
