2774 4854
100 207 143 275 66
295 216 351 277 ΔΝ
372 216 549 275 Butam
571 218 743 287 UNQUAM
762 218 921 277 Juswut
942 218 1013 276 SIT.
1099 217 1176 289 [lua
1189 219 1213 276 1.

99 384 248 464 deterior,
277 384 378 474 inquit
404 386 530 466 Paulus,
561 389 580 453 1
605 386 686 454 Tim.
705 410 734 453 r.
758 390 790 456 8.
843 387 1021 475 Sequemur
1037 408 1120 478 ergo
1136 410 1216 456 eun·

99 489 172 557 dem
197 487 339 565 Paulum,
366 486 517 575 optimum
542 487 621 577 legis
646 487 753 556 herilis
778 487 993 575 interpretem,
1020 485 1077 573 qui
1100 488 1213 556 corin

100 588 184 657 thies
199 587 337 656 excitans
353 587 395 653 ad
413 588 647 655 beneficentiam
667 589 700 654 ia
724 585 1032 677 Hierosolymiteuoe
1056 607 1212 655 exereen-

100 689 184 769 daur,
203 692 291 769 Nou,
309 686 420 774 inquit,
436 701 473 754 at
490 691 571 756 aliie
590 693 636 756 sit
657 691 888 767 laxamentum,
914 687 1005 755 nobie
1018 708 1072 754 ree
1089 710 1211 775 auque-

102 802 153 871 toe,
186 792 244 858 sed
275 798 312 853 ut
344 788 551 873 aquatilium·
583 781 711 858 'vestra
741 793 838 878 copia
867 800 1043 857 succurrat
1072 789 1209 856 illoram

101 893 231 978 iuopia,
251 885 447 955 accariti.
467 890 519 955 13.
567 889 605 955 Id
629 898 678 957 est
701 890 796 974 (Liwii
820 891 917 979 rerba
940 889 975 956 in
999 910 1038 956 re
1057 911 1126 956 non
1146 888 1208 956 dis-

102 989 194 1056 simili
220 985 392 1072 usurpabo)
416 995 452 1054 ut
474 1011 514 1053 ex
537 1011 584 1066 eo,
608 990 692 1076 quod
709 991 819 1058 adduit
835 991 945 1079 opibus
963 988 1091 1068 vostris,
1117 991 1207 1058 susti·

57 1121 65 1136 ·
101 1087 203 1156 neatis
223 1084 425 1153 necessitates
449 1087 600 1157 aliorum:
625 1089 679 1178 qui
704 1112 813 1158 sensus
829 1102 878 1159 est
893 1100 927 1158 et
942 1089 975 1156 in
993 1089 1083 1179 Cyro
1102 1092 1205 1158 Xeno

100 1187 243 1279 phontis:
261 1178 282 1255 ii
302 1179 342 1256 cio
358 1179 416 1255 tio
426 1186 570 1282 περισσὰ
583 1183 667 1258 ὄντα
678 1194 746 1261 τῶν
765 1188 835 1272 lael
855 1187 1054 1285 ἀρκούντων,
1074 1186 1204 1265 τούτοις

99 1286 162 1361 ruit
178 1281 298 1361 ἐνδείας
323 1289 524 1382 τῶνφίλων
548 1288 728 1380 ἐξακοῦμαι.
781 1291 920 1359 Similem
945 1290 1130 1377 aequitatem
1151 1291 1204 1357 ad·

98 1389 261 1457 hibeamue
293 1385 532 1476 interpretando
560 1400 727 1480 praeopto,
761 1390 846 1479 quod
867 1390 935 1479 jam
962 1411 984 1456 a
1014 1389 1107 1458 nobis
1128 1388 1204 1457 reci·

98 1498 200 1558 tatum
224 1497 284 1556 est.

175 1588 196 1659 'l
224 1590 293 1656 Lex
310 1590 448 1659 Hebraea
462 1590 541 1658 sicut
555 1589 682 1657 divortii
696 1589 874 1658 libertatem
890 1588 1086 1680 indulgebat,
1099 1597 1137 1659 ut
1149 1611 1201 1656 sa·

98 1687 185 1759 vitiae
202 1688 386 1758 maritorum
402 1691 435 1758 in
452 1713 566 1757 uxores
583 1698 776 1757 occurreret:
793 1690 839 1757 ita
855 1690 949 1757 etiam
967 1690 1102 1779 privatae
1117 1689 1203 1757 ultio-

97 1788 142 1870 ni,
159 1789 202 1858 ad
218 1812 312 1879 quam
327 1813 406 1881 gens
426 1791 479 1858 illa
499 1790 591 1857 walde
611 1810 712 1878 prona
736 1799 816 1869 erat,
843 1790 1034 1867 coercenda,
1054 1790 1111 1877 jus
1134 1790 1202 1857 laeso

98 1889 218 1958 fecerat
243 1891 284 1956 ab
310 1913 347 1958 eo
378 1890 431 1979 qui
456 1891 590 1967 laeserat,
615 1911 679 1955 non
701 1911 795 1956 manu
815 1912 880 1969 sua,
898 1890 954 1958 sed
970 1891 1057 1980 apud
1069 1890 1203 1980 judicem

98 1989 228 2080 exigere
244 1989 410 2057 talionem:
438 1991 522 2079 quod
538 1989 591 2056 lex
608 1989 703 2057 etium
726 1989 780 2055 xii.
806 1990 982 2057 tabularum
1006 2002 1118 2058 recma
1138 1999 1201 2068 θοις

100 2092 142 2158 Si
162 2092 338 2157 mearbrum
363 2092 465 2178 rupit,
492 2091 575 2156 talio
601 2102 677 2158 esto.
730 2088 874 2157 Christus
890 2111 967 2157 vero
982 2090 1110 2179 majoris
1124 2088 1202 2180 pati

98 2189 194 2257 entiae
207 2189 357 2280 magister
374 2200 496 2257 tanturn
513 2190 613 2270 abest,
624 2198 662 2256 ut
677 2189 761 2255 illam
784 2189 816 2255 in
828 2189 897 2277 jem
914 2190 988 2257 loeso
1005 2191 1121 2278 probet
1138 2190 1201 2258 rin·

98 2289 191 2358 dietae
216 2290 450 2379 flagitationem,
477 2289 607 2377 injurias
624 2289 773 2376 quasdam
797 2311 837 2355 ne
862 2290 964 2356 arceri
980 2289 1110 2377 quidem
1126 2290 1201 2368 ruit,

97 2397 155 2458 aut
175 2388 216 2468 ri,
243 2398 299 2455 aut
317 2388 444 2476 judicio.
489 2391 533 2455 At
558 2389 666 2476 quales
690 2387 847 2477 injurias?
872 2388 1051 2457 tolerabiler
1079 2390 1201 2467 seilicet,

99 2486 185 2556 inon
201 2488 286 2577 quod
302 2511 364 2555 non
380 2489 413 2555 in
435 2487 639 2555 atrocioribus
662 2510 785 2575 quoque
807 2488 965 2556 laudabile
989 2488 1050 2557 hoe
1072 2490 1124 2569 sit,
1149 2489 1202 2558 sed

96 2588 183 2679 quod
197 2587 388 2656 restrictione
404 2588 539 2676 quadam
556 2587 709 2677 patientia
725 2598 889 2656 contentus
910 2589 960 2658 sit.
1005 2589 1085 2658 Ideo
1102 2612 1202 2659 exem·

141 2761 152 2798 ί
178 2762 261 2812 Vestra
284 2763 356 2824 copia
380 2766 504 2810 succurrat
529 2763 625 2809 illorum
674 2779 723 2820 τις,
738 2760 855 2808 οὖκοθ’ὃ
869 2761 914 2808 οὐκ
928 2760 991 2823 ἔχει.
1021 2762 1202 2825 Dmprosa·

96 2837 196 2901 iuopia]
213 2841 304 2886 Seneca
319 2840 350 2886 de
364 2837 484 2886 benefieiis
504 2837 624 2883 seeundo:
674 2840 761 2887 cultata
768 2840 853 2900 parcit,
868 2843 983 2899 quaterue
997 2839 1069 2887 habet
1083 2842 1145 2902 quie,
1159 2854 1202 2887 ιοι

96 2915 171 2962 Dabo
190 2917 273 2977 tuenti,
291 2916 335 2962 eccl
352 2920 378 2961 ut
398 2916 447 2974 ipre
467 2928 512 2959 nou
537 2928 624 2974 aarum.
673 2915 930 2976 quatururaoahabet.
961 2915 1035 2972 Quod
1046 2921 1155 2965 utrecte
1167 2917 1202 2963 in·

96 2989 168 3051 (cap.
183 2992 230 3050 15).
262 2991 447 3051 Chrysootomus
461 2988 486 3034 ia
501 2988 581 3034 locum
593 2989 624 3035 ad
673 2989 807 3051 telligatur,
818 2991 934 3039 accedunt
948 2994 1092 3055 marotiae
1105 2995 1203 3043 hamt

97 3065 236 3114 Corinthios
255 3065 294 3111 hle
311 3065 469 3125 productum:
484 3062 498 3109 d
514 3065 575 3110 θεὸς
589 3062 624 3109 τᾰ
672 3066 786 3124 μὲντοὺς
801 3067 864 3127 brlp
880 3067 992 3130 δύναμιν,
1007 3071 1052 3117 οὐκ
1067 3070 1201 3132 deaurata

96 3139 399 3201 κατᾰδῦνομινᾰπαιτοῖ,
415 3139 455 3185 καὶ
470 3137 525 3185 καθ’
540 3139 554 3184 ὃ
570 3137 623 3199 ἔχει
673 3140 699 3188 dl
717 3141 824 3189 τούτους
848 3144 955 3199 ποιῆσαι
982 3144 1076 3195 ταύτό.
1106 3144 1202 3193 lauded

95 3379 177 3446 Paul,
191 3379 240 3436 tho
254 3380 318 3435 best
332 3380 501 3452 interpreter
515 3378 548 3434 of
559 3377 603 3433 his
618 3377 744 3435 master's
758 3378 821 3444 law,
833 3379 905 3446 who,
918 3377 1001 3435 when
1012 3381 1138 3455 eroittng
1155 3380 1202 3439 the

96 3468 276 3524 Corinthiaus
294 3475 325 3522 to
342 3467 521 3522 beneficenco
537 3466 656 3520 towards
677 3466 759 3522 those
780 3467 814 3522 ot'
829 3467 997 3531 Jerusalem,
1014 3483 1089 3541 says,
1104 3474 1123 3524 2
1138 3469 1200 3526 Cor.

94 3555 152 3611 viii.
167 3560 209 3620 13,
227 3555 282 3609 Nat
295 3555 351 3608 that
366 3555 438 3609 other
453 3571 512 3607 encre
523 3571 588 3624 may
603 3555 631 3607 bc
646 3555 722 3608 cased
735 3555 793 3608 aud
801 3571 835 3625 ye
846 3553 989 3616 brtrrleacd,
1002 3554 1050 3609 but
1062 3556 1121 3611 tltat
1132 3573 1201 3629 your

94 3643 252 3698 abundante
265 3659 330 3712 orsay
348 3642 375 3696 bo
392 3659 411 3695 a
429 3640 527 3710 cuppla
540 3642 596 3709 sor
612 3640 679 3694 their
699 3651 782 3694 aaut.
816 3639 878 3696 Tho
896 3640 952 3695 like
965 3642 1145 3713 expressions
1155 3657 1200 3699 eta

93 3729 164 3785 used
178 3728 216 3802 by
230 3727 353 3783 hoathen
366 3727 491 3790 authors,
501 3744 531 3780 as
545 3727 622 3796 Lina,
639 3726 808 3798 Xenophon.
847 3722 915 3797 [Sao
926 3727 976 3783 the
989 3725 1074 3796 text]

145 3819 163 3874 7
184 3816 223 3871 Aa
238 3815 288 3871 tho
301 3815 421 3870 Hebrew
433 3813 485 3867 law
499 3813 615 3867 allowed
631 3829 648 3866 a
660 3813 762 3886 liberty
774 3814 808 3869 of
816 3813 939 3879 uiroree,
953 3819 985 3870 to
995 3815 1146 3873 moderato
1155 3814 1201 3872 uu

92 3900 242 3957 harrhness
258 3902 290 3957 of
303 3919 368 3957 men
383 3901 503 3956 towards
518 3899 592 3954 their
609 3900 707 3964 risose
725 3916 756 3956 eo
771 3907 801 3955 to
819 3901 939 3955 nostruin
956 3903 1069 3974 private
1083 3918 1201 3976 rerengo

94 3994 125 4043 to
137 3987 226 4043 which
239 3988 288 4043 tho
303 3990 401 4043 nation
420 4005 475 4041 was
495 4003 561 4058 very
577 4002 674 4058 prone,
687 3987 735 4042 the
751 3987 803 4041 law
814 3988 932 4043 allowed
947 3988 997 4045 the
1009 3990 1125 4063 injured
1139 4006 1201 4046 maa

93 4081 124 4130 to
144 4075 256 4146 requiro
279 4074 353 4128 from
377 4074 425 4129 tho
445 4075 550 4143 injuror
572 4075 783 4144 compensation
805 4091 838 4130 or
859 4074 1045 4144 satisfaction,
1066 4084 1120 4134 not
1138 4075 1201 4133 with

92 4161 136 4218 his
148 4179 211 4217 own
223 4160 308 4225 tranet,
323 4161 375 4214 hut
389 4161 487 4215 bosono
500 4160 549 4215 the
565 4161 662 4232 juttga.
700 4161 767 4215 This
783 4179 837 4217 was
852 4162 983 4219 followed
998 4165 1029 4219 in
1042 4164 1093 4221 the
1107 4164 1161 4220 law
1173 4161 1205 4219 ot

91 4248 142 4305 the
151 4249 262 4305 Twelro
274 4248 384 4312 Tables,
396 4248 485 4302 which
500 4247 663 4303 authorizcd
679 4249 846 4303 retalIation.
874 4250 932 4305 But
944 4250 1048 4316 Christ,
1060 4268 1079 4306 a
1091 4250 1203 4307 toacher

92 4335 126 4391 ot
143 4353 162 4391 a
177 4335 273 4392 better
287 4335 425 4408 patience,
445 4336 469 4389 is
486 4352 517 4390 so
536 4335 581 4388 sar
599 4336 673 4390 from
694 4337 849 4408 approving
865 4336 914 4390 tho
929 4336 1041 4406 injurod
1060 4354 1129 4393 man
1143 4337 1202 4394 aba

91 4420 229 4479 demands
243 4422 313 4480 such
327 4422 509 4488 satisfaction,
524 4421 587 4476 that
601 4422 638 4478 ho
657 4423 712 4477 will
731 4422 803 4479 haro
822 4439 900 4480 some
920 4422 1038 4494 injurios
1056 4430 1112 4482 not
1134 4440 1204 4484 eren
