2774 4854
218 194 282 258 150
519 205 634 263 nuum
654 203 839 262 PdllTlTlO
862 205 1033 262 DUPLEX.
1219 203 1335 276 [iarah

198 390 314 447 mare,
342 393 381 437 ae
404 392 462 436 ree
484 372 585 456 pedes
611 384 794 447 venaretur,
822 383 885 436 aut
911 372 982 437 eina
1007 371 1121 437 clectis
1134 371 1334 457 princepum

53 477 162 517 ΜΝ
218 471 445 537 amicoramve.
510 469 638 536 Tacitus
663 471 703 536 de
734 471 952 537 Gothonibus:
988 473 1187 557 Repraantecr
1217 471 1335 556 paulo

209 569 287 655 jam
309 571 480 637 addietiue
507 593 608 654 queam
633 584 746 637 ecteroe
771 573 1012 638 Germanorum
1035 582 1153 657 petates,
1184 571 1334 636 meacm

52 674 102 726 ⁰⁸¹³
110 673 133 714 ¹¹·
218 682 327 737 meten
343 693 447 757 snpra
465 670 654 736 libertatem.
702 670 786 736 Nam
803 670 1011 758 principatum
1027 678 1102 736 ante
1119 668 1333 756 descripserat

216 769 403 837 auctoritato
431 769 593 850 suadendi,
619 792 682 835 non
704 769 836 857 jubendi
863 778 1037 858 potestate:
1063 791 1197 858 regnum
1221 779 1332 836 autem

49 889 140 940 aare
216 869 343 959 plenum
358 879 468 958 postea
489 869 538 933 his
553 869 675 936 verbis:
709 872 799 938 bitere
818 873 998 956 irnperitat,
1016 870 1118 937 attilia
1126 870 1203 957 jam
1220 891 1333 956 cacep-

218 972 370 1045 tioaibus,
387 991 451 1033 aon
463 972 618 1054 precario
635 972 798 1056 reparandi
805 971 894 1054 jure.
943 969 1128 1036 Eusttthius
1144 971 1187 1035 ad
1202 973 1332 1036 sextium

218 1067 381 1156 Odyssea,
407 1065 461 1134 ubi
479 1068 646 1134 Phaecam
667 1070 843 1157 respublica
866 1069 1061 1146 describitur,
1087 1069 1133 1136 ait
1148 1092 1217 1136 esse
1234 1067 1332 1140 σννέ-

133 1194 136 1197 “
215 1173 330 1238 bevera
355 1165 534 1254 βασιλείας
563 1166 616 1236 rai
642 1165 910 1262 ἀριστοκρατίας,
942 1160 1104 1235 ¹¹rrec'atam
1130 1171 1265 1257 aliquid
1290 1194 1332 1239 ex

215 1270 304 1355 repis
318 1281 349 1335 et
359 1290 532 1355 proceram
544 1282 713 1355 potestate.

286 1370 308 1434 t
340 1366 447 1433 Simile
464 1368 540 1454 quid
556 1369 589 1433 in
605 1369 817 1434 Romanorum
833 1391 944 1459 regum
962 1368 1155 1456 temporibus
1172 1368 1330 1437 observo:

213 1489 286 1534 nam
317 1476 384 1535 tum
412 1467 516 1532 omnia
545 1467 643 1533 sermo
672 1469 799 1558 negotia
826 1491 921 1534 manu
947 1468 1037 1558 regia
1062 1468 1327 1555 expediebantur.

46 1579 105 1619 ,rna
115 1576 184 1618 llll&
214 1568 375 1634 Romulae
389 1569 490 1643 aobie,
503 1578 540 1632 et
559 1568 696 1647 libitam,
710 1572 941 1656 imperauerat,
958 1567 1060 1655 inquit
1073 1567 1209 1634 Tacitus
1242 1571 1330 1636 Core-

213 1680 281 1734 etat
296 1669 394 1733 initio
411 1669 560 1734 civitatis
576 1691 665 1754 repes
686 1692 809 1735 carrucae
823 1682 1015 1754 potestatcm
1034 1670 1196 1748 babuisse,
1223 1667 1330 1756 inquit

44 1777 194 1875 ffiffjp
213 1766 422 1855 Pomponius:
447 1775 553 1833 tamen
575 1769 719 1853 quaedom
742 1768 856 1855 populo
883 1779 1024 1856 excepta,
1048 1767 1143 1835 ctiam
1166 1768 1220 1834 ille
1247 1777 1329 1835 tem-

44 1852 200 1968 pege-1⁸10?
212 1888 298 1954 pore,
317 1867 385 1934 vult
404 1867 693 1933 Halicarnassensis.
728 1867 819 1945 Quod
836 1867 863 1933 si
878 1869 1028 1934 Romanis
1045 1866 1144 1957 magis
1157 1868 1327 1948 eredimus,

105 1956 112 1969 ’
210 1965 244 2033 in
272 1967 371 2033 causis
400 1966 584 2053 quibusdam
614 1967 866 2055 provocationem
894 1967 937 2033 ad
971 1968 1118 2056 populum
1145 1990 1167 2034 a
1194 1969 1329 2058 regibus

210 2064 306 2132 luisse
322 2087 363 2133 ex
381 2066 539 2132 Ciceronis
556 2066 596 2132 de
613 2067 773 2153 republica
788 2065 884 2144 libris,
902 2088 944 2132 ex
961 2068 1187 2155 pontificalibus
1199 2090 1328 2157 quoque

43 2179 197 2265 fipbtmet
210 2165 298 2232 libris
322 2173 357 2232 et
373 2166 553 2232 Fenestella
575 2167 738 2232 annotavit
762 2166 891 2232 Seneca.
943 2169 1020 2233 Mox
1047 2168 1176 2234 Servius
1191 2169 1326 2247 Tullius,

78 2253 84 2265 ⁸
210 2288 273 2333 non
298 2273 363 2332 tam
381 2265 456 2353 jure
472 2287 566 2352 quam
590 2267 676 2332 auris
697 2265 899 2354 popularibus
923 2267 964 2332 ad
987 2288 1120 2356 regnum
1145 2279 1326 2355 pervectus,

210 2365 280 2453 plus
305 2365 400 2431 etiam
418 2364 480 2430 vim
505 2364 597 2455 regni
622 2365 793 2432 imminuit:
818 2366 943 2454 quippe,
964 2375 1000 2433 ut
1024 2367 1162 2454 loquitur
1183 2368 1325 2448 Tacitus,

42 2479 197 2544 dunelm
210 2469 356 2534 Saaeter
371 2466 476 2552 lepram
495 2468 586 2552 queis
603 2468 704 2532 ctiam
729 2489 818 2551 repes
835 2469 1098 2552 obtemperarent.
1148 2468 1326 2546 Quominns

41 2576 87 2618 na
97 2578 144 2621 stt·
209 2564 387 2632 mirandum
402 2564 486 2652 quod
506 2565 614 2630 Livius
630 2565 714 2642 dicit,
732 2566 904 2652 primorum
921 2566 1080 2632 consulum
1096 2576 1289 2655 potestatem
1305 2591 1327 2636 a

206 2666 297 2755 regia
313 2665 373 2731 hec
389 2664 488 2731 ferme
504 2686 566 2730 uno
582 2665 740 2744 distitisse,
758 2665 841 2752 quod
857 2687 961 2732 annua
977 2676 1068 2735 esset.

251 2818 387 2867 ‘Martum
402 2821 499 2882 allqrrid
514 2837 545 2868 er
559 2821 623 2882 repis
637 2825 662 2868 el
678 2835 738 2882 pre·
789 2836 842 2882 cap.
853 2823 916 2869 xxii:
932 2822 1003 2884 Eliqi
1018 2825 1325 2884 rrqemapopulomerta

207 2910 285 2945 mm
297 2894 427 2958 potestate]
449 2896 569 2944 Laenieus
588 2895 738 2944 Clraleocon-
789 2897 963 2959 clementiaque,
981 2899 1068 2946 liberor
1082 2913 1128 2945 aaa
1147 2900 1277 2960 bodemen,
1293 2909 1325 2961 et,

207 2974 274 3035 dpln
296 2973 355 3020 tella
373 2974 408 3020 ait
425 2988 476 3021 esse
496 2987 572 3034 regne
592 2974 737 3019 Pannonurn
788 2973 1002 3036 riporteaplpnat,
1017 2975 1137 3030 abdicari,
1149 2978 1240 3037 acfiat
1253 2979 1324 3027 here-

206 3049 389 3109 etAnglor-nm,
402 3048 465 3096 libro
476 3063 505 3107 ιι,
521 3051 675 3109 Arragenum
683 3049 737 3096 Lib.
788 3047 903 3094 ditarium
914 3063 1018 3110 requam.
1043 3051 1188 3099 Rectoresec'
1200 3066 1218 3099 a
1229 3055 1324 3114 popule

205 3138 230 3182 v,
241 3129 267 3172 et
285 3124 399 3170 aarum
414 3125 499 3172 eodem
510 3127 581 3185 libro,
595 3126 637 3171 ubl
647 3127 682 3171 nit
692 3139 737 3172 nec
788 3135 855 3168 xxx.
874 3122 938 3178 clari,
956 3138 997 3169 aec
1014 3125 1062 3170 aiei
1078 3126 1189 3185 plurium
1205 3130 1324 3175 maaria

205 3199 382 3261 magistratusue
391 3214 450 3261 rege
460 3205 561 3257 creatos,
572 3215 616 3248 nee
627 3202 737 3260 praesidia
788 3211 920 3257 quenquam
930 3198 1007 3257 eapite
1021 3199 1141 3246 damnari.
1175 3199 1217 3249 Sie
1229 3217 1324 3265 queque

204 3275 318 3335 impositu
332 3275 377 3321 ulei
388 3275 532 3332 volentibus,
547 3289 592 3322 nee
607 3277 736 3337 quicquam
788 3272 970 3331 appellationem
987 3287 1035 3319 esse
1056 3274 1090 3319 ud
1105 3275 1238 3334 populum:
1255 3291 1323 3328 Lxx.

203 3349 295 3410 populo
305 3350 449 3410 imperatum
460 3357 544 3397 contra
552 3365 637 3397 morae,
654 3353 736 3411 Reges
780 3347 877 3405 judices
891 3347 956 3393 dari.
989 3348 1017 3394 Si
1037 3349 1133 3396 liberent
1149 3352 1169 3397 r'i
1187 3366 1255 3399 reum
1274 3371 1323 3402 aaa

203 3425 264 3472 alios
284 3439 335 3473 esee
356 3426 430 3486 pleno
450 3441 505 3473 eum
520 3428 583 3486 jure,
605 3428 665 3472 alios
690 3429 735 3473 snb
787 3424 891 3483 anupliue
907 3437 973 3470 xxx.
992 3423 1039 3485 [ita
1054 3426 1116 3471 enim
1134 3427 1183 3488 legi
1199 3429 1268 3477 locus
1283 3432 1323 3479 hic

202 3499 305 3562 legibus,
318 3500 390 3546 etiam
405 3501 505 3548 tudens
516 3501 575 3547 Levi
589 3501 735 3548 Gereonides
787 3497 870 3558 debet]
883 3500 914 3545 iis
928 3500 1019 3545 nullam
1036 3515 1085 3545 esse
1099 3501 1249 3562 dipaitaterm
1260 3521 1322 3566 pra·

203 3576 298 3623 notavit
311 3576 343 3622 ad
362 3579 374 3622 1
394 3577 459 3623 Sam.
476 3590 536 3624 verr.
553 3580 575 3622 4.
607 3577 735 3637 llirnquru
786 3577 987 3637 c·lssimoprobro.
1011 3579 1168 3638 Repicrltum
1178 3581 1264 3629 Lr'bm'
1272 3600 1321 3645 pa.

203 3650 234 3697 de
250 3651 394 3712 Taprobane
413 3651 498 3698 scribit
518 3651 610 3697 Plinius
626 3652 680 3698 Lib.
699 3665 735 3698 vr.
786 3653 838 3708 trie,
854 3653 946 3706 ceteris,
962 3653 1079 3698 Arabum.
1110 3654 1207 3714 Recens,
1221 3657 1246 3703 ri
1261 3659 1324 3718 quid

225 3959 230 3969 Ι
261 3903 277 3950 b
302 3896 402 3952 Under
417 3896 465 3952 the
481 3897 593 3951 Roman
607 3897 706 3968 kings:

259 3987 277 4037 6
300 3982 335 4035 In
347 3984 437 4037 Rome
454 3983 544 4037 under
560 3983 608 4038 the
623 3984 701 4055 early
715 3983 849 4039 Consule:

259 4071 275 4124 7
300 4069 334 4121 In
350 4068 458 4122 Athens
471 4077 500 4122 at
516 4069 564 4123 the
580 4070 648 4124 time
663 4072 696 4124 es
710 4070 805 4125 Solon.

251 4155 343 4210 These
358 4155 451 4226 points
465 4155 549 4225 being
568 4156 679 4221 settled,
695 4158 734 4212 let
750 4175 782 4211 us
798 4157 927 4212 examine
945 4156 1053 4211 certain
1069 4159 1214 4228 questions
1226 4160 1320 4216 which

200 4242 278 4297 osten
293 4259 377 4297 occur
392 4242 420 4294 in
437 4240 491 4295 this
507 4251 619 4297 inatter.
1330 4288 1341 4337 p

254 4330 337 4384 XXI.
376 4335 387 4382 l
412 4329 495 4390 First,
509 4328 645 4385 ll'lrethor
659 4348 713 4388 one
730 4331 793 4388 who
808 4333 831 4387 is
846 4331 944 4388 bound
956 4330 994 4402 by
1007 4347 1044 4385 aru
1057 4331 1181 4401 unoqual
1196 4331 1320 4390 alliance
1341 4351 1344 4357 ’

198 4432 251 4471 can
266 4415 337 4471 haee
351 4416 496 4486 eovercign
510 4430 613 4486 power.
