2774 4854
213 199 278 265 ιιι
529 205 583 262 oa
604 203 731 263 nanno
753 203 1012 263 sunnnonuu
1042 178 1044 182 ’
1209 200 1319 279 unns

60 398 200 441 namna
212 371 370 440 Davidem
387 369 529 462 legimus,
548 371 632 460 quod
650 381 769 439 restem
786 369 855 459 ejus
874 369 1042 438 violasset:
1070 377 1197 437 tantm
1214 369 1322 440 intelli·

213 475 311 565 gebat
328 495 470 561 persona
490 471 578 539 istius
594 494 662 538 csse
678 471 941 540 sanctitudineml
967 493 1024 539 neo
1045 469 1229 538 immeritor
1255 494 1321 538 nen

214 597 285 642 cum
316 595 471 641 summum
504 571 669 658 imperium
700 576 781 639 'non
814 572 913 661 possit
944 594 1008 638 non
1041 570 1216 638 multorum
1250 572 1323 638 odiis

213 684 333 763 patere,
351 671 502 739 securitas
518 671 678 760 fungentis
695 673 895 760 peculiariter
915 672 976 739 suit
998 670 1179 739 munienda.
1236 671 1322 751 Quod

214 773 351 841 Romani
373 772 468 839 etiarn
490 771 523 837 in
547 770 696 838 Tribunis
713 774 812 861 plebis
833 773 1072 848 constituerunt,
1090 782 1128 839 ut
1143 765 1278 850 ἄσνλοι,
1293 772 1322 839 id

212 883 270 953 est,
298 871 492 940 inviolabiles
518 880 630 939 essent.
682 874 772 940 Inter
797 875 986 939 bissenorum
1016 872 1102 939 diota
1127 883 1209 952 erat,
1236 895 1323 964 reges

58 993 192 1035 taenara
212 981 336 1042 sanctos
350 994 418 1040 esse
434 971 616 1039 habendos:
642 981 675 1040 et
692 973 815 1064 insigne
832 973 910 1040 illud
924 961 1010 1062 apud
1027 972 1232 1044 Homerum:

58 1501 153 1542 aba&

604 1101 670 1175 Πιρὶ
691 1102 743 1176 γὰρ
765 1100 805 1157 δίο
826 1100 928 1173 ποιμένι
949 1103 1030 1165 bacin,

431 1185 467 1259 ρὴ
488 1209 515 1243 ra
536 1185 623 1244 πάθοι·

604 1282 697 1350 ”Nam
711 1312 764 1368 pro
778 1295 877 1370 populi
890 1301 1004 1370 pastore
1018 1294 1151 1359 timebat.

431 1380 545 1454 Nequid
560 1382 586 1437 ei
600 1382 750 1438 accideret.

276 1489 345 1556 Nee
362 1485 526 1567 immerito,
542 1497 579 1557 ut
595 1489 679 1577 aputl
698 1488 841 1557 Curtium
860 1498 917 1568 est,
935 1491 1062 1575 reqiam
1074 1512 1191 1558 nomen
1205 1503 1320 1578 grentes,

213 1612 285 1675 ριιαι
309 1589 369 1656 snb
389 1590 519 1675 reyibnr
537 1603 622 1668 ιιοιι,
645 1614 711 1678 pro
733 1593 804 1656 Deo
828 1592 958 1657 coirent:
981 1589 1184 1657 “Artabanus
1204 1592 1320 1670 Pereat

214 1685 292 1768 ἡμῖν
314 1680 350 1758 riti
379 1691 518 1758 πολλῶν
543 1687 644 1773 νόμων
670 1688 723 1759 rai
747 1694 857 1759 καλῶν
879 1686 986 1760 ὄντων
1009 1685 1196 1766 κάλλιστος
1227 1684 1322 1766 οὗτοι

213 1784 305 1872 ἔστι,
331 1784 376 1858 ‘ro'
408 1793 507 1880 πιμᾷν
534 1787 682 1878 βασιλέα
710 1791 764 1859 rai
793 1793 997 1878 προσκυνεῖν,
1025 1787 1136 1861 εἰκόνα
1168 1795 1258 1863 Θεοῦ
1279 1787 1321 1862 rei

213 1885 327 1959 πάντα
352 1885 527 1985 σώζοντος.
575 1894 680 1959 Nobis
706 1895 793 1958 inter
816 1893 898 1978 leyen
924 1893 1047 1960 multas
1075 1914 1198 1980 eatque
1226 1895 1322 1961 bonet

212 1992 282 2058 hac
307 1993 433 2078 optima
463 2005 518 2069 cst,
544 2015 649 2078 reyem
680 1995 847 2059 colentium
875 2004 906 2058 et
936 1994 1159 2072 adorandum,
1189 2006 1230 2060 ut
1258 1996 1321 2061 Dei

212 2104 331 2158 cuncta
357 2095 550 2180 sospitantis
577 2095 717 2178 cffiqiem.
770 2092 957 2159 Plutarchus
980 2093 1104 2182 Agite:
1128 2091 1168 2163 oi
1190 2084 1322 2176 θεμιτόν

211 2183 285 2260 eiii
301 2187 524 2274 νενομισμένον
540 2187 708 2277 βασιλέως
734 2186 864 2270 σώματι
885 2191 946 2265 rcic
963 2194 1080 2287 χεῖρας
1104 2189 1320 2292 προσφέρειν,

210 2294 341 2380 aecsae
352 2315 409 2359 nec
427 2295 554 2358 licitum
570 2294 658 2378 rcyic
673 2296 805 2377 corpori
821 2316 940 2360 manua
956 2295 1088 2379 inferre.

288 2394 309 2458 8
344 2392 406 2457 Illa
422 2390 554 2479 quaestio
576 2391 714 2479 gravior,
737 2413 778 2456 au
799 2399 950 2478 quantum
967 2392 1093 2472 Daridi,
1111 2415 1155 2461 an
1172 2404 1322 2483 quantum

106 2560 108 2562 ,
209 2490 396 2559 Maocabaeis
412 2491 508 2568 licuit,
531 2491 624 2557 beent
646 2500 679 2557 et
701 2490 899 2572 Christianis,
923 2515 1056 2580 quorum
1076 2495 1234 2584 magister
1255 2519 1320 2564 om.

209 2613 277 2658 cem
303 2591 409 2658 subire
433 2591 525 2656 toties
548 2590 663 2677 jubens
689 2591 877 2658 exactiorem
903 2593 1086 2680 patientiam
1116 2595 1248 2664 videtur
1275 2619 1321 2664 re·

208 2690 344 2778 quirere.
398 2691 493 2757 Certe
519 2688 571 2757 ubi
597 2689 774 2777 superiores
799 2692 840 2758 ob
864 2692 1046 2783 religionem
1069 2705 1207 2763 mortem
1223 2695 1321 2764 intan-

58 2796 177 2838 ’Μ
209 2799 280 2859 tant
306 2788 503 2865 Christianis,
528 2789 673 2857 Christus
697 2790 805 2880 sugam
836 2793 987 2873 concedit,
1016 2792 1066 2860 his
1091 2795 1222 2876 seilicet,
1246 2819 1320 2884 quos

206 2962 282 3024 Leues
289 2961 442 3010 conculcabit.
473 2961 521 3017 Sic,
532 2961 643 3008 utcuiris
656 2965 734 3022 patet,
831 2963 843 2998 b
856 2964 923 3013 Nam
932 2980 980 3026 pro
991 2967 1079 3028 popuii
1096 2972 1199 3030 pastore
1215 2970 1319 3033 ιίιιεδα]

206 3040 376 3088 locueadrern
387 3038 522 3084 nihilfecit
552 3036 638 3099 J.B.]
787 3038 855 3086 Bene
872 3041 1065 3103 chrysostomus,
1082 3047 1096 3090 l
1111 3045 1148 3091 ad
1165 3044 1262 3096 rant
1293 3046 1319 3095 ἃ

251 3114 334 3162 *Non
349 3115 428 3175 parcit
455 3129 500 3158 non
523 3114 651 3160 multorum
673 3113 737 3160 odite
787 3115 1318 3181 quioremjugmletfibeoqreqemimminir

202 3191 299 3254 patere]
354 3191 518 3246 Quintilianus
556 3189 737 3237 Declamatione
787 3195 814 3236 at
823 3190 846 3236 ri
856 3191 910 3250 quie
922 3199 1042 3251 pastorem
1055 3194 1085 3241 de
1099 3196 1178 3243 media
1191 3199 1320 3255 mtuierit,

207 3280 350 3316 cccxtvm.
366 3266 439 3312 Hanc
453 3280 502 3312 erre
518 3267 671 3312 conditionem
687 3281 736 3311 om·
788 3265 819 3310 ab
837 3279 863 3310 eo
878 3271 950 3312 totum
965 3282 1057 3327 qreqem
1072 3267 1200 3330 dissipari.
1233 3273 1320 3320 Senon

206 3345 278 3400 nium,
298 3343 340 3404 qui
359 3343 587 3388 administrationem
600 3342 737 3402 reipublicae
787 3340 849 3386 libro
876 3341 967 3389 Priore
990 3343 1020 3389 de
1046 3343 1186 3405 litantia,
1213 3349 1319 3411 “1²³ss

206 3419 387 3480 αρρνειιίιινιιιιν,
399 3424 426 3463 ιιι
436 3433 473 3475 ea,
481 3431 534 3478 quc
547 3419 649 3463 maxime
659 3419 737 3477 perti·
789 3418 898 3463 Somnum
906 3418 1194 3475 ejurnocturniaeaculriie
1200 3427 1319 3472 munim:

206 3501 260 3542 nent
268 3494 304 3541 aei
311 3496 410 3540 salutem
416 3507 562 3549 communem,
571 3507 621 3538 cum
631 3493 737 3552 arcadum
788 3493 867 3538 latera
876 3494 960 3551 objecti
975 3495 1160 3557 circumfusique
1174 3499 1318 3560 defenduat:

204 3571 244 3617 eui
259 3570 353 3617 invidia
368 3571 459 3633 efficere
474 3574 598 3630 οορονιιιιν.
630 3568 692 3615 l'ide
708 3581 737 3614 ca
788 3568 1320 3634 incra-rentibaepericuliereopponant.1l’on

206 3646 237 3692 de
251 3660 278 3694 re
291 3647 364 3692 Liria
380 3647 453 3693 rerba
467 3647 498 3691 ad
514 3646 655 3705 Augustum
671 3644 737 3703 apud
788 3644 827 3690 lic
844 3649 878 3690 ert
894 3645 945 3692 eine
959 3646 1052 3693 ratione
1063 3649 1163 3708 populis
1178 3651 1320 3713 urbibusque

206 3722 359 3783 xiphilinnm
376 3738 406 3770 ex
426 3724 513 3771 Dione.
545 3722 618 3781 (Peg.
639 3724 677 3780 85,
698 3721 736 3769 st.
787 3722 1321 3790 commusricproteqendiamandiquereqer,

206 3797 256 3845 Ed,
266 3798 301 3845 Η,
313 3797 408 3859 steph.)
787 3801 809 3842 et
824 3810 850 3842 re
863 3811 954 3858 niaque
963 3797 1084 3855 jactandi,
1099 3814 1249 3865 quocumque
1261 3803 1321 3852 desi·

259 4033 276 4080 8
302 4027 440 4083 Wbcthcr
454 4028 529 4084 what
544 4048 598 4085 was
617 4031 712 4085 laniul
731 4032 776 4086 for
791 4032 882 4086 David
902 4033 958 4087 and
975 4034 1020 4090 for
1035 4033 1084 4090 the
1098 4035 1272 4095 Maccabeos
1285 4038 1321 4096 bo

205 4113 302 4169 lawfui
323 4115 367 4169 t'or
383 4115 547 4180 Christiane,
566 4119 588 4172 is
607 4135 624 4171 a
646 4135 746 4188 grater
766 4121 905 4189 question,
926 4122 1002 4177 since
1019 4121 1094 4178 their
1108 4123 1230 4191 illuster,
1244 4143 1322 4184 com·

204 4202 340 4273 manding
361 4201 439 4256 thern
463 4211 492 4256 ιο
515 4204 582 4256 bear
601 4205 675 4258 tbcir
696 4223 779 4269 cross,
802 4224 891 4260 scenis
915 4215 944 4261 to
967 4211 1077 4280 requiro
1100 4228 1117 4264 ιι
1136 4228 1219 4267 more
1242 4218 1324 4270 exact

203 4290 343 4361 patience.
382 4289 446 4343 Auci
462 4290 600 4362 certainly
617 4291 708 4346 Cbrist
726 4293 854 4349 conuscls
874 4293 954 4365 lligbt
975 4304 1004 4350 ιο
1021 4295 1177 4352 Christiana
1192 4297 1260 4354 who
1275 4315 1324 4356 ara

200 4376 231 4431 in
246 4375 352 4449 danger
368 4377 401 4432 of
416 4376 511 4443 death,
530 4375 606 4446 (that
626 4379 657 4444 is,
674 4378 754 4436 those
775 4381 836 4437 who
853 4397 902 4438 are
923 4391 973 4438 not
988 4381 1085 4438 bound
1101 4389 1130 4439 ιο
1148 4383 1229 4441 their
1242 4386 1324 4462 pleon
