2774 4854
53 109 181 181 Car.1.]
282 113 336 170 DE
357 114 609 173 DEFEXSIONE
631 113 698 172 sm
717 114 769 172 ΕΤ
789 114 939 174 RERUM.
1105 106 1168 170 225

55 290 125 348 tum
141 302 210 348 esse
226 281 436 350 defensionem
449 281 545 350 etiam
558 305 677 360 eorum,
691 282 745 372 qui
762 283 878 352 bellum
901 280 1066 373 promeriti
1082 290 1166 361 sunt,
1206 343 1224 350 „

56 384 134 471 quia
148 383 263 450 scilicet
274 385 364 473 pauci
382 385 518 451 contenti
540 395 613 454 suut
630 385 814 453 tantundem
831 406 986 474 reponere
1008 383 1166 463 vindicte,

57 495 212 572 quantum
238 497 428 573 acceperunt
457 485 589 573 injuriae.
643 487 727 553 Nam
754 499 856 554 metus
884 485 936 551 iilo
963 483 1010 550 rei
1036 482 1166 551 incertae

52 585 110 672 jus
122 586 164 651 ad
182 585 244 651 uim
259 585 337 653 dare
353 609 414 653 nnn
433 599 556 674 potest:
585 588 669 655 unde
686 609 743 655 nec
758 585 830 654 r'eus
847 582 982 653 criminis
998 581 1052 672 jus
1067 581 1167 651 habet

58 685 192 773 publicis
208 686 357 753 ministris
377 709 491 777 capere
516 710 551 755 so
574 688 751 757 nolentibus
767 711 826 779 per
845 688 908 755 rim
923 682 1098 763 resistendi,
1124 681 1166 752 ob

58 796 177 854 metum
195 808 235 853 ne
251 787 322 874 plus
338 809 429 875 mque
447 788 605 876 puniatur.

70 880 72 884 ’
135 888 155 952 2
189 886 254 953 Sed
271 885 325 973 qui
341 886 374 952 in
388 886 483 954 alium
501 890 650 977 peccas-it,
668 889 764 957 debet
779 889 912 979 primum
929 887 958 956 ci
976 908 1069 977 quem
1083 884 1167 954 lauit

58 989 176 1053 offerro
191 986 433 1054 satisfactionem
451 989 512 1055 riri
534 991 607 1057 boni
628 991 804 1058 arbitratu:
829 1012 867 1056 ao
882 1002 950 1057 tum
973 989 1098 1056 demum
1112 985 1167 1077 pia

58 1097 155 1154 erunt
181 1087 249 1175 ejus
271 1108 369 1156 arma
421 1089 474 1157 Sic
500 1090 661 1170 Ezechias,
687 1114 756 1157 cum
783 1091 902 1158 fudere
930 1112 993 1156 non
1017 1088 1318 1194 stetissetgmffi

59 1188 146 1276 quod
168 1211 238 1255 cum
255 1210 334 1279 rege
349 1190 482 1279 Assyrio
504 1191 639 1280 majores
656 1191 724 1280 ejus
738 1191 935 1281 pepigerant,
954 1189 1036 1257 beilo
1049 1189 1168 1279 petitus
1190 1175 1198 1196 ⁹

59 1290 180 1355 fatetur
203 1289 336 1378 culpam,
362 1302 395 1358 et
419 1291 489 1382 regi
517 1293 671 1380 permittit
696 1291 860 1359 arbitrium
889 1290 1036 1358 mulctm:
1072 1289 1167 1380 idque

58 1413 130 1456 eum
150 1390 282 1468 fecisset.
309 1401 343 1458 et
359 1403 469 1478 postea
492 1392 604 1458 iterum
627 1392 708 1460 bello
731 1393 945 1470 lacesseretur,
968 1392 1069 1458 fretus
1083 1391 1167 1459 boun

58 1490 248 1557 conscientia
265 1490 328 1558 vim
346 1492 479 1558 hostium
498 1494 655 1568 sustinuit.
684 1504 718 1559 ct
743 1494 846 1559 Deum
871 1493 982 1560 habuit
998 1492 1164 1560 faventem.

60 1591 196 1657 Pontius
213 1592 336 1659 Samnis
353 1603 425 1682 post
440 1616 492 1660 res
506 1594 656 1660 Romanis
672 1593 821 1672 redditas,
845 1593 987 1660 deditum
1004 1592 1078 1658 belli
1094 1613 1166 1660 auo

59 1703 172 1767 torem,
194 1695 394 1777 dinitiarum,
418 1693 528 1782 inquit,
550 1708 606 1773 cat,
624 1696 785 1782 quicquid
800 1717 840 1761 ca
848 1696 964 1780 sedere
980 1705 1080 1780 rupto
1096 1694 1167 1760 ira·
1178 1705 1292 1751 unt-¹·

59 1817 136 1857 rum
158 1796 194 1858 in
211 1817 269 1860 ntor
285 1797 459 1862 coelestium
470 1797 556 1882 snit
611 1798 704 1861 Satis
721 1798 797 1871 ecio,
815 1797 1064 1882 quibuscunque
1085 1793 1167 1861 Dite

59 1895 156 1960 cordi
168 1896 245 1979 suit
266 1895 375 1980 audini
398 1919 456 1963 noc
477 1898 524 1960 ad
547 1900 767 1963 necessitatem
783 1898 924 1962 dedendi
947 1917 1008 1970 res,
1031 1895 1077 1960 tis
1101 1916 1166 1961 non

49 1996 166 2080 suinae
192 1994 287 2059 cordi
312 2006 381 2060 tam
407 1998 540 2083 superbe
564 2020 587 2063 a
611 1998 772 2064 Romania
789 1997 922 2082 sederis
946 1996 1167 2082 expiationem

60 2106 214 2178 sprctam.
267 2094 365 2160 Mox:
407 2099 496 2172 Quid
518 2099 609 2163 ultro
635 2099 705 2173 tibi,
740 2098 895 2172 Romane,
931 2096 1016 2183 qnid
1039 2096 1165 2183 sederi.

60 2196 142 2281 qnid
160 2196 240 2260 Diis
258 2196 413 2261 arbitriie
422 2199 553 2282 sederis
568 2198 692 2264 dedeo?
745 2200 842 2272 Quem
862 2197 927 2262 tibi
944 2210 1077 2263 tuarum
1094 2197 1166 2262 ira·

59 2318 148 2369 rum,
174 2319 267 2382 quem
284 2318 430 2363 meorum
444 2298 681 2383 suppliciorum
699 2298 846 2382 judicem
861 2296 1005 2383 seram?
1050 2297 1166 2363 Nemi·

60 2418 142 2470 nem,
168 2419 267 2482 neque
278 2397 449 2483 populum,
473 2420 576 2484 nequa
586 2400 759 2484 ,nivatam
767 2399 875 2482 ιγἰιφίο.
927 2395 979 2463 sio
995 2417 1066 2461 cum
1083 2395 1166 2461 Tho

61 2495 134 2560 bani
158 2496 262 2562 omnia
285 2519 378 2585 aequa
399 2497 585 2564 obtulissent
610 2496 884 2572 ‘Laoedaemoniis
908 2496 930 2560 ii
953 2505 1059 2562 autam
1081 2494 1167 2562 ultra

59 2672 93 2716 lio
103 2669 510 2726 Lruetdcmubirictorurtuonnt.
526 2674 590 2722 thc
641 2673 722 2722 om
739 2671 792 2720 un
811 2684 846 2719 tt.
865 2685 919 2734 cap.
937 2685 959 2721 v.
976 2671 1041 2734 §³2
1058 2676 1082 2721 d
1100 2686 1167 2736 m·

59 2748 148 2801 locum,
168 2761 225 2808 pag.
242 2747 280 2794 93.
301 2748 371 2795 Tom.
392 2761 421 2795 n.
443 2748 492 2796 Ed.
514 2748 588 2796 Paul.
638 2746 706 2796 Η.

60 2823 144 2884 scept.
169 2830 195 2869 ct
218 2822 281 2869 addc
304 2823 502 2885 Xenophontem,
521 2822 588 2871 nsua

58 3113 142 3168 other
156 3120 299 3176 accounts,
313 3113 336 3168 it
351 3129 425 3184 may.
439 3128 477 3167 on
487 3110 544 3167 this
558 3119 688 3175 account.
705 3111 742 3168 be
756 3112 896 3184 prudenti
910 3111 967 3169 und
982 3112 1038 3170 thir
1053 3113 1076 3169 it
1091 3112 1167 3170 what

57 3201 106 3256 tho
115 3210 278 3271 arguments
290 3199 447 3254 osorthon
459 3215 540 3253 come
552 3207 590 3253 to.
617 3200 671 3253 But
683 3199 744 3254 that
757 3199 806 3256 the
819 3201 976 3273 possibility
987 3200 1021 3256 of
1031 3200 1168 3274 ruffamug

56 3288 135 3342 force
155 3288 233 3358 giren
250 3303 284 3342 us
301 3286 351 3342 tho
368 3285 445 3358 right
463 3285 496 3340 of
511 3287 591 3356 using
607 3286 695 3346 soree,
713 3287 736 3342 ir
755 3297 889 3361 contrary
907 3297 938 3345 to
955 3288 996 3343 nli
1015 3288 1114 3343 nouom
1135 3288 1170 3344 oi

55 3375 162 3446 cquity.
200 3373 277 3429 Such
292 3375 315 3430 is
332 3374 438 3429 human
451 3372 510 3437 lire,
527 3372 588 3428 thot
604 3390 645 3427 ne
660 3390 708 3428 aro
725 3390 811 3429 neser
826 3375 855 3428 in
873 3375 1015 3447 complete
1032 3374 1164 3446 soeurity.

55 3460 109 3517 We
124 3467 202 3516 must
216 3461 284 3516 neck
299 3462 459 3534 protection
475 3461 584 3531 against
600 3460 746 3514 uncertain
763 3460 839 3514 team
853 3461 928 3516 from
945 3461 1049 3516 Divino
1066 3460 1165 3515 Prori-

55 3548 154 3613 denoe,
166 3548 224 3603 ond
235 3548 309 3604 stom
321 3549 470 3603 blumeicss
482 3548 603 3608 cautino,
619 3553 669 3599 not
684 3545 757 3600 from
772 3546 860 3601 force.

114 3635 226 3690 xvlu.
267 3640 280 3689 l
307 3635 369 3691 Nor
386 3634 424 3690 do
442 3650 482 3690 we
500 3651 584 3706 agree
600 3631 662 3687 tirat
685 3631 765 3686 those
780 3631 844 3686 who
858 3629 931 3686 have
947 3629 1083 3686 desorrcd
1100 3647 1166 3698 nr,

54 3719 127 3776 haro
139 3738 157 3775 o
172 3721 261 3791 Right
278 3731 309 3777 to
323 3722 429 3778 det'cnd
445 3721 629 3782 thenuelren
644 3717 765 3791 numu-ly.
779 3718 899 3773 lecauso
914 3719 968 3772 ten
982 3734 1098 3791 persons
1115 3735 1166 3776 aro

54 3814 173 3861 content
184 3807 250 3861 nith
263 3808 361 3881 taking
374 3809 548 3863 satisfaction
561 3816 591 3863 to
606 3806 655 3861 tho
669 3822 747 3860 mcro
758 3815 855 3859 extent
870 3805 903 3858 ot'
912 3805 961 3859 tire
977 3806 1077 3879 injury.
1108 3805 1167 3862 For

55 3893 118 3948 that
133 3893 196 3948 scor
213 3894 247 3947 ot
259 3912 295 3948 nn
314 3898 495 3966 uncertainty
511 3904 616 3949 cannot
632 3894 694 3964 giro
712 3910 730 3945 a
748 3892 835 3959 ltigin
858 3902 889 3946 to
905 3893 998 3946 turco:
1018 3893 1074 3947 and
1092 3909 1134 3958 so,
1146 3910 1166 3949 a

54 3996 158 4052 person
175 3980 294 4034 accuscd
315 3982 348 4035 os
362 3998 381 4035 a
399 3984 486 4035 crime
504 3980 553 4034 has
575 3990 624 4034 not
643 3997 661 4032 a
681 3978 807 4049 riginos
824 3978 944 4050 sorcibiy
963 3980 1095 4053 resistiog
1115 3979 1166 4036 tho

53 4068 196 4122 miniatem
208 4066 242 4121 of
245 4067 357 4137 justice,
372 4067 416 4120 sor
431 4067 492 4122 scor
504 4067 537 4120 of
546 4067 631 4133 being
645 4064 872 4136 orer-punisltcd.

111 4160 130 4208 2
154 4153 200 4209 llo
212 4154 274 4209 nho
286 4154 336 4210 has
353 4153 463 4224 injurcd
475 4153 596 4208 another
613 4152 701 4220 ought
714 4154 775 4207 tirst
790 4161 820 4207 to
832 4153 903 4207 offer
915 4151 974 4206 him
989 4150 1164 4209 ntissactiou

51 4249 83 4297 nt
98 4239 149 4298 tho
159 4241 327 4298 urbitmtiou
341 4241 375 4299 ot
388 4258 405 4296 s
419 4240 494 4313 good
512 4257 593 4304 mom
609 4240 665 4295 aud
681 4239 706 4294 u
722 4239 777 4295 thir
792 4239 851 4304 tait,
868 4239 912 4294 his
924 4240 1043 4295 nmero
1054 4239 1110 4294 niu
1127 4239 1165 4298 bo

156 4404 294 4500 [⁶³02]
1020 4357 1062 4423 n
