2752 4844
154 194 249 260 xxxiv
577 201 606 260 J.
629 202 893 260 BARBEYRACII

159 370 307 461 subjectis
323 375 357 440 J.
375 374 416 439 B.
468 370 529 439 Vel
548 371 709 440 Grotiauis
724 380 781 440 aut
799 368 1007 439 Gronorianis
1029 369 1271 459 permiscentur,
1294 379 1330 440 et

160 481 234 542 tuuc
252 473 436 562 plerumque
452 472 513 539 illis
528 471 744 560 subjiciuntur,
768 473 891 540 duobus
906 470 994 538 uncis
1010 472 1120 538 formas
1142 471 1329 562 posterioris

158 572 295 652 inclusae,
313 583 346 643 et
361 572 493 641 nominis
510 573 609 641 nostri
625 573 733 662 primis
748 573 863 641 litteris
878 574 911 639 in
929 573 990 638 fine
1004 571 1137 640 additis:
1154 573 1328 662 aliquando

157 683 263 742 autom
284 674 337 742 ubi
358 674 504 740 nimirum
528 696 581 740 res
603 673 735 753 serebat,
758 686 791 742 et
814 675 875 741 illae
897 672 1089 741 brevissimas
1114 681 1215 751 erant,
1240 672 1329 740 intra

156 773 257 864 ipsam
282 777 400 842 Natam
423 773 570 841 Auctoris
592 785 649 842 aut
675 775 877 864 interpretis,
908 774 1018 841 eedem
1047 772 1191 861 adposito
1220 773 1327 863 signo,

158 875 367 953 collocantur3
385 874 443 941 nisi
458 875 542 962 quod
555 873 624 940 heic
636 875 722 941 haud
738 897 810 943 raro
824 898 936 942 nomen
951 884 1090 942 nostrum
1103 894 1167 939 uon
1178 872 1327 961 adparet,

160 974 227 1044 sive
243 975 327 1063 quod
344 996 397 1041 res
413 974 495 1041 ιιιιιί
518 996 581 1040 non
601 984 681 1052 orat,
705 997 761 1043 scu
784 975 869 1063 quod
894 975 1040 1042 omissum
1062 973 1159 1042 fuerit
1178 996 1199 1041 a
1215 975 1328 1064 Typo-

161 1075 301 1167 graphis,
316 1073 371 1162 qui
387 1074 482 1141 etiam
499 1097 605 1153 uncos,
623 1075 673 1143 vel
689 1076 887 1153 alterutrum,
909 1075 983 1142 alibi
999 1096 1231 1163 nonnumquam
1249 1073 1328 1143 omi·

160 1184 279 1254 serunt,
297 1175 351 1243 ubi
368 1184 474 1243 tamen
489 1175 580 1242 facile
594 1177 655 1242 hoo
671 1201 691 1242 a
709 1177 840 1244 Lectoro
855 1177 972 1264 poterit
987 1175 1206 1243 animadverti.
1246 1206 1261 1268 s

238 1278 297 1344 Est
313 1284 348 1344 et
362 1276 456 1356 aliud,
481 1299 543 1365 quo
564 1276 645 1342 hone
661 1284 802 1343 nostram
824 1277 1003 1344 Editionem
1025 1297 1148 1353 ornare,
1172 1285 1207 1342 et
1229 1274 1328 1344 sacili·

160 1399 248 1445 orem
274 1399 311 1443 ao
335 1375 492 1444 utiliorem
514 1376 650 1444 reddero
675 1375 839 1443 lectionem
864 1378 987 1466 Operis,
1014 1386 1050 1443 ιιι
1075 1397 1191 1465 magna
1216 1397 1328 1444 rerum

161 1475 317 1545 verietate
340 1484 373 1543 et
398 1476 487 1565 copia
511 1475 631 1553 referti,
657 1475 703 1542 ita
728 1475 813 1566 stylo
835 1477 1016 1544 brevissimo
1031 1474 1206 1564 conscripti,
1228 1476 1328 1564 pluri·

162 1599 248 1644 mum
266 1574 441 1655 voluissem,
464 1576 575 1643 lubens
596 1575 690 1643 etiam
714 1576 798 1642 hune
821 1576 854 1642 in
875 1600 924 1644 me
942 1577 1080 1644 laborem
1103 1584 1327 1664 suscepturus:

160 1686 198 1745 ut
223 1675 339 1745 scilieet
365 1700 519 1755 numeros,
547 1677 581 1743 in
608 1698 686 1764 quos
712 1675 827 1765 singuli
857 1676 1050 1766 paragraphi
1075 1675 1214 1743 distincti
1241 1687 1325 1756 suut,

159 1777 246 1846 haud
263 1799 337 1844 raro
353 1787 519 1844 mutarem.
567 1775 744 1845 subdivisio
767 1776 821 1843 illa
843 1799 906 1842 non
927 1787 976 1843 est
1002 1801 1023 1844 a
1043 1798 1138 1843 manu
1159 1776 1325 1858 Auctoris,

159 1900 262 1967 neque
283 1876 456 1967 primarum
478 1887 551 1966 post
576 1886 709 1944 mortem
735 1876 802 1964 ejus
822 1876 1014 1956 Editionum,
1037 1885 1070 1943 et
1092 1876 1195 1944 neseio
1218 1901 1241 1946 a
1263 1900 1326 1967 quo

159 1977 244 2046 faeta
263 1976 367 2045 fuerit
421 1976 496 2054 Sed,
521 1976 660 2065 quisquis
683 1977 735 2044 ille
751 1977 801 2052 sit,
825 1976 1023 2068 negligenter
1046 1977 1215 2044 admodum
1236 1978 1271 2046 in
1286 2002 1324 2046 eo

159 2077 286 2170 negotio
301 2099 336 2144 se
352 2077 458 2168 gessit,
482 2086 516 2144 et
531 2086 587 2144 aut
601 2099 713 2166 parum
730 2077 884 2144 intellexit
903 2078 1015 2144 seriem
1031 2099 1069 2144 ac
1085 2077 1255 2147 discrimen
1275 2101 1326 2147 re·

159 2201 230 2247 rum
252 2187 285 2247 et
306 2185 574 2268 argumentorum,
597 2186 654 2244 aut
678 2177 720 2245 ad
746 2200 784 2245 ea
807 2199 918 2266 parum
941 2177 1093 2245 adtendit.
1146 2179 1325 2268 Saepissime

162 2301 201 2348 ea
218 2279 368 2369 distingui
389 2277 528 2345 numeris
550 2278 670 2357 videas,
694 2299 765 2365 quaa
782 2277 948 2345 manifesto
964 2277 1111 2368 conjungi
1129 2279 1267 2358 debent;
1293 2289 1326 2347 et

161 2378 294 2447 vicissim
318 2381 350 2444 in
375 2401 470 2447 unum
492 2401 656 2445 numerum
681 2379 831 2469 conjecta,
857 2399 930 2465 quae
951 2377 1173 2468 distinguenda
1198 2380 1325 2448 omnino

160 2490 262 2548 erant.
315 2478 388 2546 Hoc
417 2488 504 2546 certe
532 2501 595 2545 non
624 2487 729 2567 potest
755 2501 818 2545 non
848 2477 966 2545 morari
995 2480 1161 2546 Lectorom
1185 2481 1325 2549 nondum

160 2578 311 2648 brevitati
334 2580 479 2648 Auctoris
498 2579 599 2646 nostri
621 2578 806 2647 adsuetum:
832 2577 880 2645 cui
904 2601 945 2644 ex
961 2578 1027 2645 sola
1048 2578 1174 2646 rectiori
1198 2580 1325 2647 distine-

162 2681 246 2749 tione
267 2680 460 2770 singulorum
483 2679 620 2768 capitum
643 2679 749 2746 statim
772 2678 828 2746 lux
851 2687 922 2746 orta
944 2678 1063 2746 luisset
1116 2679 1181 2747 Sed
1206 2689 1324 2760 tamem

89 2820 93 2826 ·
161 2802 258 2870 quum
270 2781 338 2870 jam
355 2780 525 2848 subdivina
541 2780 607 2863 illa,
625 2789 662 2847 ut
678 2788 714 2847 ιιι
730 2802 896 2869 perperam
913 2779 1105 2859 concinnata,
1122 2803 1181 2846 mu
1197 2790 1327 2870 recepta

162 2881 252 2970 quasi
277 2880 385 2961 fuerit,
412 2890 445 2948 et
467 2903 536 2948 eam
559 2903 666 2947 omnes
687 2880 721 2946 in
738 2880 895 2948 laudando
918 2880 1060 2947 Auctore
1082 2889 1189 2947 nostro
1200 2883 1317 2971 passim

161 2990 353 3069 sequantur:
379 2981 517 3048 dandum
533 2980 566 3048 id
584 2980 663 3047 mori
680 2981 799 3069 putari,
818 2992 910 3048 utne
926 2979 1011 3047 illam
1027 2981 1236 3050 immutarem.
1283 2983 1327 3050 At

161 3104 239 3150 vero
256 3081 455 3148 inversione
472 3103 542 3147 mco
555 3080 685 3159 Gallica,
702 3080 756 3146 ubi
774 3083 842 3170 plus
854 3081 946 3170 juris,
963 3081 1182 3172 hacinparte
1198 3083 1326 3160 ebullis,

161 3180 238 3248 mihi
253 3203 377 3249 sumere
398 3181 496 3269 potui,
520 3181 642 3271 singula
663 3203 806 3269 qumque,
828 3189 923 3271 prout
945 3203 997 3247 res
1016 3181 1086 3269 ipsa
1108 3191 1141 3250 et
1158 3184 1327 3252 Lectorum

163 3281 325 3349 commoda
342 3281 418 3347 mihi
435 3281 594 3371 postulare
610 3281 678 3348 risa
694 3291 776 3359 sunt,
794 3283 910 3370 ubique
927 3282 1166 3371 separabuntur.

240 3383 294 3449 Nil
311 3382 397 3450 aliud
414 3392 471 3462 est,
496 3382 579 3469 quod
596 3382 629 3448 in
644 3381 751 3448 limine
773 3383 842 3450 hoie
860 3385 908 3449 Te
931 3403 1082 3459 moneam,
1108 3384 1250 3451 Lscron
1265 3384 1327 3451 Bs-

164 3504 309 3561 unvons,
333 3482 392 3549 nisi
410 3492 446 3550 ut
461 3492 535 3550 ante
553 3484 657 3549 omnia
678 3481 844 3573 perlegere
867 3482 954 3560 velis,
979 3492 1012 3548 et
1027 3482 1092 3548 suis
1108 3482 1185 3549 locis
1205 3493 1324 3574 aptare,

164 3584 382 3650 Eunsnaunn
400 3592 432 3650 et
449 3584 626 3662 Annesel,
645 3604 717 3670 quae
734 3583 860 3672 subjeci.
912 3585 1024 3671 Neque
1041 3582 1112 3650 ideo
1129 3591 1233 3672 putes,
1251 3608 1325 3676 neg·

163 3684 299 3774 ligenter
322 3693 464 3750 curatam
486 3706 554 3750 esse
579 3685 662 3751 hano
687 3683 875 3763 Editioncm,
899 3706 957 3750 nee
980 3683 1075 3750 talem
1098 3706 1175 3762 esso,
1203 3687 1323 3773 qualem

164 3784 273 3852 titulus
290 3784 465 3874 profitetur.
518 3785 581 3851 Vix
599 3783 667 3851 ficri
685 3791 798 3870 potest,
821 3796 869 3863 ut,
893 3784 925 3850 in
944 3785 1050 3871 Opere
1065 3785 1242 3872 praesertim
1265 3795 1325 3854 tam

163 3886 267 3974 longo,
294 3908 463 3974 numquam
492 3886 672 3952 remittatur
699 3884 862 3974 diligentia
882 3896 938 3952 aut
962 3885 1112 3961 Editoris,
1140 3895 1197 3953 aut
1222 3886 1337 3976 Typo·

163 3985 367 4076 graphorum‚
400 3994 457 4052 aut
482 4008 589 4052 eorum
617 3984 671 4072 qui
702 3985 918 4072 speciminibus
944 3985 1148 4052 emendandis
1177 3993 1366 4074 praesunt-

165 4086 380 4174 Quodcunque
397 4095 557 4174 peceatum
573 4086 687 4152 tantilli
704 4089 852 4154 momenti
869 4086 946 4152 mihi
964 4086 1063 4152 visum
1080 4096 1138 4166 est,
1160 4088 1237 4155 dum
1255 4085 1366 4154 lolia

162 4187 343 4255 transmissa
365 4188 532 4277 perlustro,
556 4186 589 4252 in
612 4187 807 4252 commodum
825 4199 913 4254 tuum
931 4197 1041 4254 notare
1057 4211 1120 4254 non
1137 4188 1261 4278 piguit:
1283 4192 1366 4252 e!

162 4287 190 4353 si
206 4309 277 4374 qua·
301 4289 458 4377 supersint
475 4297 591 4363 errata,
615 4309 636 4354 a
659 4311 709 4353 me
732 4310 795 4355 non
818 4288 1047 4366 animadversa,
1071 4310 1109 4355 ea
1132 4288 1223 4354 facile
1243 4308 1262 4352 a
1279 4286 1366 4351 't

164 4387 394 4476 deprehensum
417 4389 457 4454 iri
480 4388 611 4457 confido.
667 4390 747 4467 Qum
766 4390 1003 4477 qualiacumque
1025 4388 1098 4469 sint,
1121 4388 1182 4455 hoc
1205 4407 1366 4479 postu
