2774 4854
141 253 185 317 48
332 258 388 316 AN
408 257 584 316 sathana
607 258 777 326 UNQUAM
799 258 955 317 adsuunt
978 258 1048 316 SIT.
1139 256 1253 330 [tran

140 426 268 516 insuper
282 424 450 505 habebant,
464 447 566 513 neque
582 424 779 492 inculcabant
795 425 931 514 populo:
955 423 1040 513 quod
1056 447 1170 492 rerum
1187 447 1255 492 esso

140 549 204 594 non
230 548 271 594 ex
297 527 413 593 nostris
439 526 593 593 duntaxat
620 525 718 604 libris,
745 527 801 594 sed
826 549 866 593 ox
895 526 1036 617 Josepho
1062 547 1192 614 quoque
1220 538 1253 593 et

140 626 299 720 magistris
316 628 523 694 Hebraeorum
540 627 663 693 ostendi
678 636 793 714 potest.

216 731 238 796 5
274 728 338 796 Sed
355 727 450 794 etiam
466 727 634 793 secundam
651 727 732 793 hane
749 736 871 816 partem
892 727 977 816 quod
1001 726 1126 805 attinet,
1153 725 1251 794 seien-

139 828 214 896 dum
240 836 298 906 est,
326 827 468 903 virtutes.
496 849 567 914 quaa
592 849 613 894 a
640 827 826 896 Christianis
848 829 1029 917 exiguntur,
1057 828 1153 895 etiam
1183 827 1251 894 He-

138 929 233 996 braeis
251 936 308 994 aut
328 927 549 1006 commendari,
569 937 626 994 aut
647 928 783 1018 praecipi,
811 929 868 995 sod
893 934 976 996 puon
1001 928 1131 1018 praeeipi
1155 929 1190 996 iu
1211 952 1250 995 eo

138 1028 242 1120 gradu
269 1048 306 1095 ae
333 1026 507 1107 latitudine,
540 1050 602 1116 quo
627 1029 824 1096 Christianis.
874 1031 1020 1118 Utroque
1048 1041 1157 1098 autem
1191 1030 1249 1096 hoo

137 1151 232 1197 sensu
249 1127 394 1196 Christus
416 1151 474 1196 sua
499 1137 656 1219 praeopta
681 1129 809 1218 opponit
836 1130 1009 1206 veteribus,
1032 1131 1116 1198 unde
1138 1131 1247 1219 liquet,

136 1230 236 1298 rerba
270 1228 338 1318 ejus
369 1251 433 1296 non
466 1229 625 1297 continere
650 1230 765 1296 nudam
799 1230 1100 1319 interpretationem.
1166 1230 1249 1297 Haeo

136 1339 243 1398 autem
272 1330 345 1397 seiri
371 1351 434 1397 non
460 1331 502 1396 ad
529 1330 588 1397 hoo
617 1337 751 1408 tantum,
782 1331 866 1418 quod
894 1353 976 1397 nuno
1004 1330 1039 1396 in
1066 1353 1162 1398 manu
1189 1342 1247 1408 est,

135 1431 247 1510 resen,
276 1429 332 1497 sed
362 1440 396 1497 et
420 1430 462 1498 ad
484 1430 583 1497 multa
605 1430 679 1508 alia,
706 1452 748 1496 ne
768 1431 849 1522 legis
875 1430 1043 1498 Hebraieae
1058 1431 1249 1499 auctoritate

136 1552 233 1620 supra
247 1551 340 1618 quam
360 1552 484 1619 aequum
501 1540 550 1597 est
566 1539 701 1597 utamur.

208 1632 284 1700 VII.
320 1633 339 1697 1
374 1631 504 1698 Omissis
529 1653 606 1721 ergo
629 1631 962 1720 argumentationibus,
991 1654 1063 1721 qua
1087 1631 1193 1700 minus
1214 1655 1249 1699 se

135 1731 225 1799 nobis
249 1732 397 1820 probant,
423 1732 557 1820 primum
586 1754 623 1798 ae
645 1733 836 1819 praecipuum
858 1732 1078 1811 testimonium,
1101 1754 1167 1821 quo
1183 1734 1249 1801 bel·

134 1832 221 1899 landi
232 1831 286 1921 jus
301 1853 322 1898 a
339 1831 458 1899 Christi
479 1832 551 1922 lege
572 1854 635 1898 non
655 1832 749 1920 plane
771 1833 839 1900 tolli
858 1834 1038 1921 probamus,
1062 1843 1132 1900 esto
1157 1834 1248 1901 Pauli

133 1931 212 1999 illud
229 1933 246 1998 1
262 1931 305 1999 ad
324 1931 523 1999 Timotheum
539 1931 581 1997 xi.
598 1935 630 2010 1,
649 1933 680 2010 2,
698 1935 731 2000 3.
763 1934 891 2001 Hortor
916 1955 993 2020 erpo
1017 1947 1096 2002 onte
1120 1938 1247 2015 omnia,

177 2116 372 2179 rNoapraees'pi
382 2117 408 2164 in
419 2116 664 2179 eoqradunelntitu·
715 2117 821 2178 amno·
837 2117 975 2178 ισὸτρηι,
991 2119 1035 2168 καὶ
1053 2118 1145 2177 πολλοὶ
1166 2121 1207 2170 rei
1224 2124 1250 2171 ἐν

132 2191 199 2257 diu]
214 2194 332 2251 Quadam
349 2193 395 2241 hue
409 2194 555 2254 pertinentia
567 2195 621 2241 vido
638 2195 663 2242 in
714 2194 819 2242 rotrone
834 2195 877 2242 και
896 2194 924 2242 ιιι
943 2199 1000 2243 σοῖο
1015 2193 1106 2242 ἄλλοις
1118 2195 1248 2253 dramni

132 2271 224 2320 notatis
240 2286 315 2334 snpra
333 2271 365 2318 sd
380 2271 453 2318 tinem
476 2272 562 2333 eapitis
582 2272 663 2333 primi,
714 2269 908 2329 σνγκστιίβσσιι
931 2267 973 2325 ἦν·
995 2269 1065 2317 κατεῖ
1083 2270 1110 2318 δι
1130 2272 1182 2327 τήν
1202 2272 1249 2318 τοῦ

131 2348 375 2412 Egrsgtmtmprtmir
383 2347 546 2410 chrysostomi
557 2348 624 2394 loeus
634 2348 664 2394 do
717 2347 833 2406 Χριστοῦ
843 2346 987 2405 παρουσίαν
996 2345 1091 2408 πολλᾷ
1106 2349 1248 2409 στενοτέρα

136 2424 286 2488 Virqinitate,
301 2438 354 2485 esp.
368 2423 433 2470 xliv:
448 2425 481 2470 τὸ
496 2424 541 2483 μὲν
551 2423 601 2484 γᾰρ
611 2440 663 2469 oro·
712 2420 822 2482 γέγοναν
836 2419 852 2476 η’
868 2421 933 2470 tata.
966 2421 1030 2470 Olina
1043 2427 1113 2470 tanta
1128 2425 1198 2473 nodis
1210 2427 1248 2472 ιἰι-

132 2499 207 2548 λιιιδιι
219 2501 248 2546 οὐ
263 2499 390 2546 τοσοῦτον
407 2498 464 2558 ὑμῖν
477 2497 570 2558 dpsrris
584 2498 662 2559 προῦ-
706 2495 794 2554 juncea
813 2511 860 2543 ιιοιι
879 2501 933 2544 erat
952 2498 1049 2545 virtutis
1067 2514 1188 2558 nmmo,
1206 2501 1250 2548 esd

131 2592 203 2623 κιιτσ
216 2572 399 2635 μίτρονῇἅλλᾶ
412 2573 454 2620 οισι
464 2571 604 2631 σ’μύνοσθοι
614 2573 663 2620 τὸν
712 2576 735 2618 ιι
745 2571 873 2618 undictam
888 2586 978 2620 mmm
995 2573 1025 2621 de
1039 2574 1156 2633 injuria
1172 2576 1248 2638 inser·

130 2649 276 2710 σ’δικοῦντσ,
302 2648 344 2696 καὶ
368 2646 598 2704 ἀντιλοιδοριῖσθιιι
623 2647 662 2704 τῷ
712 2652 770 2703 ente,
782 2652 805 2693 et
814 2648 954 2694 conuitionti
970 2648 1069 2696 reddere
1078 2653 1213 2711 sauritim,
1226 2659 1248 2699 et

131 2724 320 2786 λοιδορονμὸνιι,
335 2724 376 2772 roni
392 2722 528 2785 χρημάτων
543 2721 662 2781 ἐπιιιιλή·
708 2722 818 2781 pecuniis
826 2722 919 2770 maere
926 2722 1168 2783 licedahredetcitm
1168 2729 1247 2790 sales

130 2797 661 2862 σισθσιιξῆνμισιιῦορκοῦνσοὀμνύναικοὶ
711 2799 814 2844 moniam
826 2799 924 2856 jurem,
942 2805 966 2848 οι
982 2816 1030 2862 pro
1050 2803 1120 2850 oculo
1139 2811 1247 2854 enaim

130 2877 266 2938 totatuta
276 2877 392 2938 ἐξορύξαι
401 2873 460 2921 duri
470 2872 660 2932 ὁφθαλμοῦ,κσὶ
711 2874 810 2932 oesiam,
822 2881 845 2922 et
860 2875 916 2922 odio
931 2875 1019 2925 dudm
1033 2877 1172 2928 intutam.-
1188 2883 1246 2943 quin

130 2955 238 3012 μισῆσαι
249 2952 296 2998 τὸν
309 2952 409 3012 ιχθρὸν,
424 2951 466 2997 erni
479 2949 539 2995 orire
550 2948 660 3008 τρυφᾷν,
711 2964 752 2996 nec
765 2950 857 2997 deliciis
860 2950 927 3012 frui,
936 2967 977 3000 nec
992 2952 1077 3012 irasci,
1091 2968 1136 3003 nec
1148 2969 1245 3004 mm

130 3026 424 3087 orirso'p‘yilsodnmdrs
440 3029 548 3084 γυναῖκα
558 3024 660 3080 adnuis
710 3026 786 3072 aliam
806 3027 897 3085 ejicere,
919 3029 1024 3089 recipere
1039 3031 1126 3088 alian,
1151 3033 1244 3080 wius

130 3103 276 3163 ἱκβιίλλιιν,
293 3104 341 3149 τὸν
355 3104 382 3149 δὲ
400 3099 564 3160 ἀντεισάγειν
584 3101 660 3146 sexd-
710 3106 770 3147 erat.
801 3101 896 3148 Parum
911 3102 983 3150 diti:
999 3106 1073 3152 aton
1087 3105 1153 3154 dm
1166 3109 1243 3156 eodem

130 3179 205 3238 λντο,
220 3179 262 3226 και
278 3180 307 3226 οὐ
325 3178 405 3224 τοῦτο
424 3175 508 3234 μόνον,
527 3175 596 3222 ἀλλά
617 3178 659 3223 καὶ
710 3182 813 3236 tempore
826 3191 912 3223 unm
926 3179 1013 3227 tatere
1025 3181 1171 3230 destinebat
1184 3184 1241 3230 nat·

131 3254 253 3304 dioxaro‘
266 3253 364 3302 τσύτδν
378 3251 440 3312 ὁμοῦ
455 3255 576 3309 γυναῖκας
591 3250 660 3312 ἔχειν
709 3257 780 3314 taque
799 3258 820 3300 et
835 3253 861 3298 ιἰι
875 3253 922 3314 his,
941 3255 1000 3301 etin
1018 3256 1077 3303 aliis
1101 3259 1174 3307 nou
1191 3266 1241 3307 erat

130 3501 228 3558 tented
243 3502 310 3558 with
331 3502 381 3558 the
400 3503 509 3559 former
523 3510 596 3577 part,
612 3505 750 3576 regarded
770 3511 822 3560 not
836 3504 885 3561 the
897 3505 1002 3563 second
1012 3514 1088 3579 part,
1101 3509 1195 3568 which
1217 3512 1238 3567 is

128 3589 232 3654 better.
247 3606 301 3646 nor
317 3590 476 3646 inculcated
492 3592 514 3646 it
529 3607 566 3646 on
583 3590 632 3647 the
647 3592 757 3665 people.
796 3592 871 3648 Thnt
890 3593 946 3649 this
968 3595 991 3648 is
1006 3599 1081 3658 true,
1101 3613 1146 3653 rra
1163 3599 1237 3654 leam

128 3683 180 3734 not
199 3677 267 3749 only
280 3678 355 3734 from
374 3677 424 3733 the
438 3679 508 3734 Now
528 3679 702 3744 Testament,
722 3679 775 3736 but
792 3679 852 3736 also
871 3682 946 3737 from
958 3679 1103 3755 Jossphus
1117 3685 1177 3740 and
1191 3684 1236 3740 the

127 3764 250 3821 Hebron
261 3764 383 3821 doctam.

183 3859 201 3906 o
223 3852 281 3908 Yet
299 3869 371 3908 eren
388 3850 455 3907 nith
477 3852 577 3924 rogard
592 3859 622 3907 to
640 3852 696 3908 this
715 3853 818 3910 second
831 3859 904 3927 part,
917 3853 941 3910 it
962 3853 1031 3910 isto
1050 3853 1088 3911 be
1103 3855 1237 3914 obserred

98 3966 102 3972 ·
127 3935 192 3993 that
210 3937 259 3993 the
280 3939 386 3995 virtues
407 3938 497 3994 which
515 3956 564 3994 aro
581 3940 711 4010 required
726 3940 760 3996 of
772 3940 926 3996 Christiana
937 3957 1011 3997 nere
1025 3942 1120 4000 either
1133 3962 1236 4002 reeom-

128 4023 252 4080 mended
266 4040 299 4080 or
314 4026 446 4096 enjoined
461 4032 491 4082 to
507 4026 555 4081 the
574 4026 709 4081 Hebrews
718 4045 727 4090 ι
748 4026 800 4082 but
818 4027 886 4099 they
900 4045 973 4084 uero
988 4036 1039 4087 not
1057 4032 1193 4102 enjoined
1209 4034 1236 4088 in

127 4110 177 4167 the
187 4128 265 4167 sumo
277 4110 380 4182 degree
392 4112 449 4166 and
460 4113 527 4166 with
539 4112 588 4168 tha
600 4130 677 4168 samo
687 4112 805 4168 breadth
818 4131 849 4167 os
864 4123 894 4169 ιο
906 4115 956 4171 the
971 4115 1139 4176 Christiana.
1176 4120 1237 4176 And

126 4199 158 4254 in
172 4198 242 4254 both
257 4198 338 4254 these
352 4207 476 4270 respecta
494 4194 609 4271 [degree
629 4201 686 4255 und
699 4198 831 4267 hreadth]
848 4201 942 4259 Christ
962 4219 1082 4276 opposes
1094 4203 1142 4261 his
1153 4208 1237 4262 inter·

126 4287 270 4359 pretation
289 4293 320 4342 to
335 4285 397 4341 that
417 4285 450 4342 oi
466 4285 514 4342 tho
526 4290 653 4344 anciouts
661 4307 670 4354 3
688 4287 780 4343 where
796 4289 818 4343 it
830 4305 949 4361 appears
964 4289 1027 4346 that
1038 4289 1083 4346 his
1095 4293 1190 4349 words
1203 4293 1236 4348 do

125 4379 178 4430 not
191 4374 305 4431 eontain
320 4390 338 4428 a
352 4372 420 4429 baro
433 4374 657 4446 interpretation.

183 4459 212 4518 It
232 4460 257 4518 is
275 4461 368 4518 merul
390 4466 420 4519 ιο
438 4461 520 4515 know
543 4461 607 4529 this,
630 4469 681 4518 not
695 4461 762 4535 only
780 4461 846 4518 nith
868 4462 1014 4520 reference
1036 4471 1068 4522 ιο
1089 4465 1144 4524 tho
1160 4467 1238 4543 point
