2774 4854
81 241 237 315 cmlii]
351 242 480 303 suntin
502 243 657 302 ntruRn
679 245 925 305 EXPLIGATIO.
1134 242 1196 307 103

83 412 269 505 responderi
297 423 411 504 potest,
440 415 559 484 Christi
585 415 670 484 tactu
695 417 799 486 omnin
830 418 956 507 quidem
978 417 1104 488 rii-tntis
1128 440 1198 488 csso

84 516 189 607 plens,
207 526 241 584 ot
259 537 341 604 qum,
358 518 462 605 quoad
479 518 547 604 ojus
563 517 631 584 tieri
648 528 762 605 potest,
785 519 902 587 imitari
920 520 1076 587 laudabile
1091 519 1142 599 sit,
1163 529 1198 588 ot

84 641 143 686 suo
163 617 294 705 proemio
316 639 379 685 non
399 619 589 697 cariturum
612 641 675 686 non
697 631 803 687 tumen
820 621 924 688 omnio
945 620 1097 707 ejusmodi
1116 643 1195 700 esso,

85 728 123 787 nt
138 729 195 786 sut
211 740 251 786 ex
268 718 339 809 lego
355 718 490 797 veniunt,
508 730 564 787 nut
576 720 678 808 legem
694 720 819 789 faciunt.
853 723 936 788 Nam
952 720 1037 808 quod
1052 720 1197 788 Christus

86 842 146 910 pro
170 818 302 885 inimicis
323 828 420 906 atque
445 819 546 908 impiis
569 832 618 888 cst
643 831 793 898 mortuus,
816 821 852 888 id
877 844 939 889 non
964 819 1040 888 tecit
1060 842 1101 887 ox
1123 820 1197 912 legs

86 921 203 1008 utiquo,
220 920 277 986 sed
301 919 483 1008 exspectati
500 921 588 1009 quusi
606 931 698 1010 pacto
714 931 748 990 ct
764 921 883 990 soedoro
899 922 975 988 inito
992 943 1062 988 cum
1077 922 1195 1000 Pntrs3

86 1022 142 1109 qni
161 1019 189 1087 si
209 1019 244 1086 id
258 1019 385 1097 taceret,
411 1043 474 1088 non
495 1022 587 1089 modo
608 1045 760 1089 summum
780 1023 810 1088 oi
833 1022 975 1111 gloriam,
992 1023 1099 1090 sodet
1119 1043 1197 1112 gen-

87 1131 153 1189 tem
172 1119 206 1188 in
222 1129 375 1188 aetcrnum
391 1121 577 1190 duraturam
597 1122 749 1212 promisit,
773 1123 877 1190 Esnito
895 1123 948 1189 liii.
968 1126 1020 1190 10.
1072 1120 1198 1210 Alioqui

87 1244 157 1290 csso
173 1222 233 1290 hoo
254 1221 371 1290 suctum
392 1224 481 1311 quusi
499 1224 667 1313 singulum,
685 1234 719 1291 ct
735 1223 785 1290 cui
801 1223 853 1290 rix
877 1224 1041 1312 quicquam
1059 1223 1199 1310 reperis·

87 1332 143 1391 tur
164 1322 274 1401 similo,
298 1325 433 1393 ostendit
450 1326 567 1392 Paulus
590 1326 680 1391 Rom.
699 1347 729 1393 r.
747 1325 779 1394 7.
831 1324 876 1391 Et
895 1325 1039 1391 Christus
1058 1345 1116 1390 nos
1131 1322 1200 1390 nni·

87 1446 172 1491 mom
189 1435 328 1492 nostrum
346 1425 490 1513 periculis
511 1425 647 1513 objicere
661 1425 763 1513 jubet,
789 1447 853 1491 non
872 1447 931 1512 pro
947 1423 1118 1512 quibusvis,
1140 1421 1199 1491 sod

87 1546 149 1614 pro
165 1525 303 1612 ejusdem
319 1525 490 1615 disciplinis
506 1527 710 1606 consortibus,
730 1529 747 1592 1
763 1527 856 1593 Jonn.
874 1525 917 1593 iii.
936 1528 990 1594 16.

167 1630 189 1694 9
224 1627 304 1704 Qum
321 1648 399 1694 vero
421 1649 461 1693 cx
485 1627 670 1694 Christianis
690 1625 895 1714 scriptoribus
914 1625 1021 1693 attius
1037 1632 1111 1694 sunt
1129 1645 1199 1692 scn-

88 1725 209 1805 tcntioe,
234 1726 352 1815 purtim
369 1727 515 1794 ridentur
533 1727 690 1794 consilium
708 1725 819 1816 magis,
843 1734 877 1791 et
893 1724 1033 1792 sublimis
1049 1723 1201 1814 propositi

89 1827 399 1904 commendationem,
412 1846 506 1914 quam
523 1827 705 1894 destrictum
721 1835 912 1915 praeceptum
929 1824 1110 1903 continoro;
1128 1846 1202 1913 pnr-

90 1927 148 1993 tim
182 1926 316 2014 priratae
342 1937 416 1994 sunt
448 1927 596 2014 ipsorum,
623 1948 686 1992 non
715 1946 893 1992 communes
922 1924 1019 1992 totius
1043 1924 1201 1992 Ecclesium

90 2028 175 2094 Nam
193 2026 225 2092 in
244 2026 413 2093 canonibus
429 2027 659 2114 antiquissimis,
680 2025 734 2112 qui
752 2024 921 2113 Apostolici
937 2023 1094 2101 dicuntur,
1120 2045 1203 2091 corn·

91 2127 239 2192 mnniono
263 2125 291 2192 is
313 2125 439 2192 demum
462 2126 616 2212 privatur,
642 2126 696 2213 qui
722 2125 755 2190 in
779 2125 850 2191 rixo
875 2124 977 2211 primo
1002 2123 1065 2190 ictu
1089 2123 1204 2192 adrer-
1322 2178 1327 2187 .

92 2226 209 2292 sarium
238 2224 395 2303 occiderit,
425 2217 477 2292 did
499 2223 566 2307 ,τήν
597 2221 807 2318 προπέτειαν
836 2220 951 2301 αὑτοῦ,
983 2215 1037 2290 ‘ob
1062 2227 1201 2290 nimium
1215 2247 1327 2290 canuto

91 2327 244 2393 calorem.
295 2326 340 2391 Et
361 2324 443 2391 huno
467 2324 653 2392 seutentiam
676 2323 743 2412 ipso
763 2323 859 2391 etium
880 2322 1084 2414 Augustinus,
1110 2345 1202 2411 quern
1214 2347 1358 2436 im.

140 2501 200 2551 tm
222 2504 320 2550 nimiu
341 2498 457 2562 adorta]
483 2501 627 2549 Ambrosius
676 2500 766 2549 lutor!
783 2443 1356 2573 nummorumque-mg&

94 2578 192 2625 libror.
208 2579 234 2625 in
250 2578 357 2626 Lucum:
374 2577 396 2625 0
411 2577 521 2634 Domine,
536 2590 628 2625 curru
675 2575 776 2638 proni!
793 2576 1340 2640 nicifortcmttpontndqsmiomntffl

93 2653 508 2717 amistnqhdtmqstsaerirc
523 2666 629 2715 upra·
678 2653 941 2704 murmurem
964 2655 1103 2718 (cumn).

151 2944 168 2992 8
187 2935 265 2991 With
276 2935 377 3008 rognrd
387 2943 417 2991 to
429 2934 477 2990 tho
489 2935 619 3008 smmpto
631 2934 665 2991 ot
674 2934 777 2997 Christ,
785 2933 848 2989 rho
861 2935 883 2990 is
896 2935 1006 3007 nllcgrd
1019 2944 1048 2993 to
1060 2936 1132 2995 haro
1143 2937 1211 2995 diod

95 3025 143 3080 sor
157 3023 200 3078 bis
212 3023 344 3085 onomius,
359 3023 382 3075 it
397 3038 462 3093 moy
474 3021 510 3076 bo
522 3021 674 3081 nnswcrcd,
688 3021 749 3075 thot
762 3021 799 3076 ntl
813 3021 860 3076 tho
873 3030 933 3077 ncts
945 3022 979 3078 ot'
991 3021 1085 3080 curiit
1096 3041 1146 3082 ιτο
1157 3024 1212 3082 mu

96 3109 133 3166 of
145 3111 244 3172 virtue,
256 3107 311 3162 und
327 3106 396 3162 such
413 3123 443 3160 nn
456 3123 521 3178 moy
537 3107 573 3161 bc
587 3106 721 3178 laudabit
738 3108 875 3169 imitntcd,
890 3126 921 3163 ns
936 3108 981 3164 tur
995 3126 1027 3166 os
1040 3110 1065 3166 is
1079 3110 1213 3184 possible,

96 3196 156 3253 and
169 3195 224 3249 will
239 3202 289 3249 not
304 3194 354 3248 snit
369 3193 402 3247 ot
416 3193 490 3248 their
502 3193 625 3258 ποιητάς
643 3193 693 3245 tunt
708 3193 774 3246 thor
787 3211 835 3248 nro
849 3205 899 3250 not
911 3195 948 3249 nil
961 3194 1031 3252 such

96 3284 173 3352 stom
186 3299 203 3336 ο
216 3281 275 3338 law.
285 3296 318 3335 or
329 3280 410 3333 make
423 3298 440 3332 n
452 3280 503 3333 inu
516 3279 559 3332 tor·
572 3297 613 3333 us.
649 3280 673 3332 Γ
674 3296 706 3332 or
719 3280 779 3334 tirut
792 3280 885 3335 Christ
898 3281 964 3337 dicd
976 3283 1023 3339 tor
1033 3280 1078 3340 his
1088 3285 1213 3341 enemim

97 3369 156 3426 und
169 3369 214 3424 tor
228 3367 277 3424 thc
292 3368 425 3438 ungodty,
436 3384 491 3420 uns
503 3365 577 3420 wirnt
589 3367 624 3420 hc
636 3365 684 3418 did
698 3374 747 3420 not
763 3368 792 3420 in
805 3384 962 3439 pursunncc
974 3369 1008 3424 ot
1016 3387 1071 3444 ους
1083 3369 1146 3439 inv,
1159 3370 1214 3428 but

96 3456 175 3513 trom
187 3471 205 3510 ο
219 3453 323 3527 spccinl
338 3459 476 3508 coronant
489 3451 555 3506 with
570 3450 614 3506 his
626 3450 749 3517 ΡοιΙιοτς
772 3453 833 3509 who
848 3454 999 3528 promised,
1014 3473 1051 3512 on
1066 3455 1131 3513 thir
1144 3473 1214 3514 con-

97 3543 200 3606 dition,
212 3547 263 3596 not
277 3539 345 3612 only
357 3539 466 3596 ctcrnni
478 3540 568 3612 glorp,
582 3537 634 3592 but
646 3537 705 3592 niso
719 3557 756 3593 un
769 3539 880 3596 ondtcrs
895 3542 1039 3615 offspring,
1052 3541 1147 3599 luith
1160 3543 1212 3600 liii.

100 3633 145 3685 10.
180 3627 246 3683 sno
267 3644 299 3684 ιο
322 3627 394 3682 Puni
417 3625 558 3682 describes
581 3625 637 3679 this
658 3641 689 3677 ns
710 3642 728 3676 ι
749 3627 853 3696 spccinl
876 3627 933 3681 und
956 3627 1133 3701 cnccptionnl
1155 3627 1215 3685 und

97 3713 295 3788 nnpmllelcd
309 3721 365 3779 not,
382 3715 465 3769 Rom.
478 3730 503 3767 r.
519 3717 550 3770 7:
574 3711 760 3781 Scarcctpyor
774 3730 793 3764 ο
807 3713 940 3782 ripitcoru
953 3732 1019 3767 otuu
1031 3716 1088 3768 utu
1099 3731 1147 3769 orto
1161 3715 1213 3772 din.

97 3801 165 3858 Anu
184 3800 278 3857 Christ
293 3801 457 3857 nommnnds
472 3817 504 3855 ur
520 3805 550 3855 to
565 3805 617 3872 put
628 3813 681 3851 our
695 3795 744 3850 lise
760 3798 788 3851 in
802 3797 882 3879 perit
894 3805 945 3852 not
959 3797 1005 3852 sor
1015 3815 1071 3879 nup
1086 3817 1150 3864 onc,
1161 3800 1216 3858 but

98 3886 147 3959 ίῳ·
163 3888 203 3942 rte
217 3889 346 3956 drrtdrcrr,
362 3893 376 3942 l
390 3886 467 3941 John
479 3887 517 3940 iii.
531 3889 576 3941 tt.

155 3979 172 4029 n
195 3973 278 4028 Astu
294 3972 343 4028 tho
358 3974 488 4046 opinions
507 3969 637 4027 ndduccd
652 3969 726 4025 from
745 3967 886 4024 Christian
906 3970 1023 4036 writers,
1038 3971 1133 4045 putlp·
1147 3972 1217 4049 they

99 4075 209 4132 nppcnr
219 4067 249 4112 to
263 4058 300 4113 bo
315 4059 412 4113 ruthcr
426 4059 563 4122 cnunseis,
574 4057 630 4112 und
648 4056 696 4112 tho
709 4055 967 4111 rccouunondntion
987 4059 1021 4112 os
1035 4076 1072 4114 nn
1086 4060 1217 4118 clentcd

100 4161 234 4220 purpose,
247 4143 341 4217 partly
357 4143 424 4217 thoy
436 4162 485 4200 nro
501 4145 550 4200 tho
563 4145 672 4216 prirnto
687 4143 816 4214 opinions
829 4143 863 4197 os
874 4142 955 4199 thoso
970 4145 1087 4209 writers,
1101 4155 1153 4202 not
1167 4146 1218 4204 tho

100 4247 234 4288 common
252 4231 403 4303 judgmcnt
422 4231 455 4285 ot
471 4230 520 4286 tho
539 4230 661 4285 Clrurch.
700 4229 757 4283 Por
775 4229 803 4283 in
823 4228 872 4284 tho
891 4247 957 4303 terp·
976 4233 1091 4287 niucicut
1105 4232 1219 4290 Conon

100 4316 194 4374 which
209 4335 258 4374 uro
278 4317 370 4374 called
391 4317 545 4391 Apostolic,
559 4315 596 4371 ho
618 4314 769 4388 crpccinll5
784 4317 806 4372 is
822 4315 959 4374 eucludcd
978 4317 1051 4373 trom
1073 4315 1123 4373 tho
1142 4336 1220 4376 corn·

101 4407 231 4473 munion,
243 4405 307 4463 who
321 4405 352 4462 in
369 4422 387 4462 n
405 4403 518 4480 qunrrcl
536 4401 593 4459 bod
607 4402 680 4462 slnin
695 4401 739 4461 his
753 4403 904 4479 adrersnry
918 4413 949 4464 nt
963 4421 1043 4473 once,
1058 4404 1088 4462 in
1102 4402 1170 4465 irent
1188 4405 1224 4465 ot
