2774 4854
83 193 159 250 (lar.
169 186 237 265 1t’.]
481 193 525 250 nt
548 192 800 251 SUPERIORES.
1140 187 1204 257 179

85 382 161 450 pem
178 365 315 450 gereret,
340 359 395 448 qni
417 359 549 449 proinde
571 361 714 429 subesset
736 370 865 430 sunatm
880 361 1050 453 populique
1061 361 1199 454 judieio;

85 482 221 550 quorum
243 461 416 529 sententias
433 462 562 551 exsequi
584 463 752 551 praesectns
768 462 900 531 deberet
922 464 1018 532 etiem
1041 465 1075 532 in
1099 465 1202 555 ipsum

86 561 269 652 principem.
317 562 425 630 Simile
456 563 620 651 estquod
650 564 691 631 de
722 566 768 630 M.
794 565 953 632 Antonino
979 565 1121 655 legimus,
1148 566 1201 656 qui
1215 581 1354 634 sinim«.

86 663 242 752 publicam
260 663 423 752 pecuniam
439 664 599 753 attingere
616 664 727 744 noluit,
743 665 802 732 nisi
821 668 961 734 consulte
975 676 1096 735 senatu.

164 764 241 835 vlt.
277 767 297 830 1
327 763 463 831 Gravior
475 764 529 833 illa
546 775 594 834 est
609 765 806 853 quaestione
823 766 929 834 lende
945 790 1008 834 non
1024 766 1200 837 resistendo

86 886 146 931 nos
162 863 282 953 obliget
298 863 330 930 in
347 863 531 954 gravisimo
548 877 581 933 et
598 867 769 933 certissimo
785 867 972 935 discrimine.
1011 868 1096 935 Nam
1112 867 1200 961 leges

1233 631 1342 682 usur.

86 965 183 1032 etiam
208 963 270 1031 Dei
295 965 450 1052 quadam,
472 987 660 1054 quamquam
685 967 876 1057 generaliter
902 970 1043 1058 prolate,
1071 968 1200 1038 tacitam

85 1065 207 1133 hubent
231 1065 450 1154 exceptionem
472 1090 601 1134 snmmse
623 1068 836 1136 necessitatis:
862 1069 945 1156 qnod
971 1069 1012 1136 de
1035 1069 1108 1161 lege
1127 1071 1201 1139 seb·

86 1166 154 1233 bati
171 1165 472 1234 ’Hasamonaeerum
489 1168 681 1256 temporibus
696 1191 716 1234 a
732 1167 924 1256 sapientibus
941 1169 1103 1237 definitum
1118 1171 1199 1241 suite

85 1265 172 1334 nude
191 1266 309 1334 dietum
329 1268 472 1337 celebrer
490 1272 677 1355 periculum
698 1271 819 1335 anime
837 1271 979 1356 impellit
1000 1273 1200 1340 sabbatum:

85 1378 121 1435 et
140 1368 273 1435 Judoeus
297 1367 382 1456 apud
402 1368 569 1458 Synesium
587 1390 712 1435 eausam
737 1368 890 1458 neglectae
906 1368 986 1458 legis
1003 1369 1045 1437 do
1067 1372 1200 1441 sabbato

85 1469 168 1536 hane
182 1469 309 1538 reddit:
329 1471 461 1562 ’σοφῶς
476 1464 562 1564 ὑπὲρ
573 1471 685 1563 ψυχῆς
699 1465 828 1548 θέομεν,
840 1472 1107 1539 incertissimum
1121 1474 1200 1542 υἱέα

80 1572 269 1658 perieulum
295 1572 435 1636 adducti
461 1593 581 1637 sumtis.
639 1571 719 1648 Qum
746 1569 888 1658 exceptio
913 1571 1047 1659 probata
1069 1581 1118 1640 est
1139 1573 1198 1663 ipsi

86 1671 236 1737 Christo:
259 1680 295 1737 ut
312 1669 393 1736 etin
411 1670 483 1760 lege
499 1670 600 1736 altera
621 1668 662 1735 de
684 1692 746 1735 non
764 1670 893 1737 edendis
909 1671 1042 1758 panibus
1058 1674 1200 1763 proposi-

84 1770 189 1838 tionis
237 1771 282 1838 Et
300 1770 511 1837 Hebrmorum
529 1769 671 1860 magistri
691 1770 813 1860 legibus
831 1770 870 1837 de
888 1770 964 1837 cibis
984 1772 1099 1854 setin's,
1117 1774 1201 1843 aliis-

85 1893 149 1959 qne
164 1870 328 1949 nonnullis,
342 1893 382 1938 ex
398 1871 497 1939 veteri
511 1870 678 1939 traditione
695 1870 826 1937 eandem
839 1870 961 1938 addunt
973 1872 1200 1963 exceptionem,

85 1981 174 2039 recte
197 1971 345 2060 quidemr
369 1993 433 2038 non
450 1972 534 2059 qnod
556 1973 627 2038 Dee
645 1969 700 2058 jns
723 1993 786 2038 non
806 1971 848 2040 sit
867 1971 910 2039 ed
929 1981 1046 2040 certam
1065 1983 1200 2043 monem

85 2073 280 2139 subeundam
298 2094 355 2138 nos
375 2073 582 2161 obstringere,
607 2071 664 2138 sod
681 2071 765 2159 quod
789 2071 875 2162 leges
889 2073 1033 2160 quaedam
1054 2073 1122 2162 ejus
1137 2075 1201 2144 sint

85 2173 274 2262 argumenti,
296 2183 333 2240 ut
350 2194 412 2238 non
429 2172 578 2240 credibile
594 2172 635 2240 sit
651 2171 742 2239 detes
759 2194 799 2239 ex
816 2183 881 2239 tam
896 2173 1002 2264 rigida
1018 2174 1201 2246 voluntate:
1320 2177 1324 2184 ’

85 2273 171 2360 quod
186 2274 219 2339 in
235 2273 358 2363 legibus
371 2273 515 2339 humanis
531 2272 632 2362 magis
647 2271 741 2339 etiem
755 2273 905 2362 procedit

160 2375 182 2440 2
214 2374 287 2440 Non
303 2394 422 2462 neges
439 2373 509 2463 lege
526 2372 774 2439 etiemhumana
796 2374 947 2461 quosdam
964 2373 1091 2444 timetis
1111 2383 1200 2446 aetus

84 2494 177 2563 posse
198 2472 337 2563 prmeipi
359 2473 418 2541 sub
435 2482 524 2540 certo
544 2471 654 2539 mortis
679 2471 826 2560 periculo,
852 2483 888 2541 ut
910 2470 967 2542 ‘de
982 2475 1119 2544 statione
1135 2499 1199 2545 non

84 2653 177 2708 ἥκουσι
203 2654 330 2714 Βακχίδην
348 2654 391 2700 «sl
414 2650 475 2706 ἦλθσ
490 2651 526 2712 τῇ
539 2648 618 2712 ἦμὶρᾳ
668 2648 811 2707 Bacchides,
821 2649 884 2696 rexit
893 2649 965 2697 nullo
978 2665 1031 2699 cn
1045 2653 1150 2702 stadt:
1164 2653 1202 2704 d

85 2731 140 2778 reis
155 2729 295 2788 σαββάτων
310 2731 355 2778 ’ὄιος
368 2731 421 2777 reis
434 2728 561 2784 tenid-s
571 2727 618 2773 τοῦ
667 2725 787 2772 Jordcnr’r
803 2728 873 2787 ripere
890 2729 943 2787 ipro
962 2727 1002 2775 dis
1020 2729 1123 2780 nitati.
1152 2731 1200 2780 Jo.

85 2805 211 2863 Ἰορδάνου
227 2806 254 2851 ds
266 2805 365 2862 ὄννᾶμιι
375 2803 472 2861 πολλῇ.
492 2801 533 2850 sei
545 2803 617 2849 sim
666 2802 841 2848 aethneam·
848 2803 898 2848 suis
904 2803 978 2851 dixit:
989 2804 1121 2866 διψῆν
1129 2821 1199 2869 me,

86 2881 208 2927 ‘inesbrie
217 2885 273 2927 τοῖς
287 2881 350 2937 πμ·
365 2880 451 2926 αὐτοῦ·
468 2879 617 2934 descriptos
665 2882 688 2923 ct
695 2892 743 2938 pro
752 2879 803 2924 situ
810 2893 957 2939 pergamum·
967 2882 1107 2942 nequeeni-
1114 2889 1200 2934 nem

86 2957 137 3003 νῦν·
162 2956 346 3014 telensis-poss
368 2954 430 3014 &rip
451 2956 503 3000 τῖον
525 2954 618 3012 dcxciv
665 2953 834 3000 mutatas
843 2958 870 2999 sl
879 2955 1162 3007 heristallium

85 3033 164 3092 ἠμὸι·
181 3035 208 3079 οὗ
224 3030 275 3093 γάρ
292 3033 351 3079 dors
371 3030 478 3087 σήμερον
492 3028 525 3076 n's
544 3029 617 3089 ixdie
714 3027 774 3074 ⁸De
787 3029 891 3077 stetim
904 3043 952 3076 m
971 3031 1111 3095 demenda]
1134 3034 1199 3085 VM·

85 3111 128 3157 nst
144 3109 236 3167 τρίτοι
252 3107 358 3168 ἡμέραν.
386 3104 420 3154 Id
438 3119 490 3152 osse
510 3103 616 3151 audisset
665 3102 1196 3174 dosepbnmnbtdseustodtbisnttngtt

85 3377 214 3437 exeeutc,
228 3387 299 3427 esen
314 3369 424 3442 against
438 3368 488 3424 the
503 3368 614 3425 Princo.
654 3368 693 3424 So
707 3368 749 3424 ll.
761 3367 922 3424 Antoninus
936 3364 1030 3422 would
1045 3367 1097 3421 not
1107 3360 1196 3420 toucls

85 3460 137 3517 the
152 3458 248 3532 public
260 3474 364 3529 money
376 3454 495 3510 sitirent
511 3462 629 3511 consent
640 3455 674 3511 ef
682 3455 733 3512 the
747 3456 862 3511 Seuste.

145 3547 213 3602 v11.
254 3552 266 3600 1
295 3543 434 3599 whether
449 3543 478 3596 in
493 3559 510 3596 n
526 3559 594 3613 very
608 3559 693 3610 grune
708 3543 764 3597 sud
779 3542 888 3599 ecrtain
902 3537 1075 3612 dangertbe
1089 3538 1152 3594 rute
1166 3535 1202 3593 nt

84 3634 311 3691 non-resistnnee
321 3631 413 3693 holds,
423 3631 446 3685 is
459 3647 476 3684 s
488 3645 567 3683 moro
580 3629 698 3683 diffieult
708 3632 848 3701 question.
880 3629 938 3684 For
949 3626 999 3683 tlte
1009 3626 1076 3681 lsn
1088 3625 1123 3680 ei
1131 3622 1197 3679 Ged

84 3741 152 3808 susp
165 3721 300 3791 admito}
321 3719 483 3801 exemption
498 3717 527 3770 in
544 3732 621 3770 cases
635 3715 669 3769 et
687 3729 814 3771 extreme
829 3716 976 3784 necessity.
1012 3713 1052 3766 Se
1070 3710 1120 3766 the
1139 3695 1199 3766 ite-
1225 3720 1246 3754 ν’

84 3810 162 3864 bros
184 3808 237 3863 lus
255 3807 289 3863 oi
315 3806 365 3863 the
388 3808 427 3860 Sa
467 3819 515 3858 atr
555 3804 598 3866 ἑᾶς
627 3818 663 3856 sn
703 3815 760 3856 tus
778 3817 929 3874 exception
951 3816 975 3854 ts
992 3815 1100 3872 appror
1160 3796 1200 3870 by

84 3897 197 3958 Clrristc
212 3911 242 3949 as
257 3895 317 3950 else
332 3896 362 3949 in
377 3893 427 3949 tho
445 3908 509 3948 case
524 3890 557 3945 ol
573 3889 622 3944 the
636 3888 822 3944 thes-brend.
859 3888 923 3942 And
938 3903 970 3941 se
984 3884 1068 3941 other
1085 3885 1152 3940 iun
1166 3883 1202 3940 oi

84 3983 136 4038 the
152 3982 285 4036 llebrews
300 3982 358 4035 did.
394 3981 453 4035 Not
469 3978 531 4035 that
550 3977 614 4030 God
631 3975 681 4029 lias
696 3985 745 4030 not
761 3976 811 4031 the
827 3973 915 4047 llight
930 3975 964 4029 os
975 3989 1028 4028 our
1043 3972 1199 4028 obediente

83 4070 182 4146 under
191 4069 299 4123 eertuin
311 4067 425 4142 deutbp
431 4067 487 4145 but
503 4065 566 4119 thet
579 4079 657 4118 some
673 4059 1160 4128 lawsurefflueimmturuthst
1174 4059 1198 4113 it

448 4131 650 4147 meu-‚ao-e-—ffl-
659 4133 662 4136 ⁴
671 4124 729 4134 ’,ω

83 4158 176 4245 ieje}
190 4155 315 4212 credible
331 4149 1115 4234 thntfflmffllnmigiduinmtiem
1138 4144 1198 4202 stili

83 4262 165 4301 mere
179 4232 208 4299 in
224 4242 328 4298 humen
345 4243 419 4296 latre.

144 4339 161 4387 2
189 4332 246 4388 Yet
262 4347 334 4387 eren
350 4329 457 4384 human
472 4325 540 4382 less
554 4343 620 4399 may
635 4323 785 4381 command
807 4339 886 4379 some
900 4329 961 4377 sets
975 4319 1009 4376 ni
1020 4319 1113 4376 virtue
1128 4316 1196 4374 rich

82 4411 194 4477 eertsiu
207 4419 317 4492 danger
328 4416 362 4474 oi
371 4415 457 4473 desth
464 4434 473 4483 ς
491 4432 523 4472 es
538 4413 587 4470 tho
602 4414 727 4488 military
738 4411 800 4468 rute
811 4411 846 4467 ot
854 4418 906 4467 not
916 4409 1040 4483 quitting
1054 4423 1108 4462 eur
1120 4412 1195 4480 pest.

980 4509 1095 4576 12-2
