2774 4854
1222 110 1233 139 h

230 199 294 266 146
522 207 639 265 nsum
660 206 844 266 PARTITIO
867 208 1038 266 uertex.
1228 199 1307 286 [lars.
1319 209 1346 269 1.

299 379 322 443 2
355 376 463 456 Quare
478 376 547 443 haec
563 397 615 443 res
631 374 740 442 similis
756 381 805 442 est
821 374 1025 453 testamentis,
1051 374 1163 463 quihus
1184 375 1346 464 adjectum

228 483 287 555 est,
310 497 350 544 ne
373 475 530 564 posterius
550 483 771 542 testamcutum
789 474 913 542 valeat:
939 497 1012 541 nam
1027 476 1095 544 hsce
1117 499 1241 565 quoque
1259 476 1347 544 elau·

228 576 297 644 sula
319 575 422 656 efficit,
449 576 503 642 ¹ut
518 574 673 663 posterius
698 582 917 643 testamentum
941 596 1004 640 non
1029 596 1070 642 ex
1086 598 1163 644 vera
1180 577 1347 646 voluntate

227 675 402 765 profectum
428 684 646 763 praesumatur.
700 673 765 741 Sed
790 672 871 740 sicut
895 673 964 741 haec
987 674 1133 754 clausula,
1159 676 1205 744 ita
1229 686 1263 745 et
1288 677 1347 745 illa

228 774 315 864 regis
332 774 424 863 jussu
443 795 594 861 expresso
618 796 656 840 ae
680 772 807 863 speciali
832 773 1014 861 posterioris
1031 775 1199 844 voluntatis
1223 777 1345 869 signiti-

229 873 352 941 catione
366 874 433 942 tolli
451 882 564 961 potest.
697 934 699 938 ,

60 983 199 1080 &2³²⁴
304 975 399 1040 XIX.
452 973 517 1040 Sed
543 994 645 1060 neque
672 970 798 1059 Polybii
823 970 874 1038 hic
899 979 973 1038 utor
997 973 1194 1053 auctoritate,
1221 974 1278 1062 qui
1299 975 1345 1044 ad

149 1160 151 1164 μ
229 1072 362 1139 mixtum
382 1094 482 1162 genus
499 1070 678 1161 reipublicae
698 1070 799 1138 refert
815 1072 990 1137 Romanam
1012 1074 1244 1161 rempublicam,
1269 1099 1344 1164 quae

228 1172 282 1240 illo
298 1180 450 1261 tempore,
476 1170 504 1238 si
520 1194 583 1238 non
599 1172 738 1239 actiones
760 1170 853 1259 ipsas,
877 1171 933 1238 sed
946 1170 1000 1258 jus
1015 1173 1133 1262 agendi
1147 1174 1343 1263 respicimus,

228 1293 316 1339 mere
332 1271 392 1340 suit
408 1270 585 1360 popularis:
612 1279 735 1338 namet
754 1270 889 1338 Senatus
903 1271 1084 1351 auctoritas,
1108 1294 1202 1360 quam
1222 1274 1266 1340 ad
1286 1297 1344 1364 op·

228 1370 374 1440 timetum
397 1371 538 1462 regimen
555 1371 663 1449 refert,
686 1379 720 1437 et
736 1369 907 1449 consulum,
928 1393 1006 1458 quos
1027 1371 1115 1459 quasi
1135 1395 1228 1463 reges
1245 1374 1344 1442 luisse

228 1470 307 1552 vult,
324 1470 450 1537 subdita
469 1479 538 1538 eret
554 1471 676 1558 populo.
729 1470 818 1536 Idem
841 1470 882 1537 de
904 1469 1037 1536 aliorum
1058 1471 1184 1559 politica
1203 1474 1345 1541 seriben-

226 1570 306 1638 tium
330 1570 492 1638 sententiis
517 1570 635 1637 dietum
658 1569 737 1647 volo,
759 1569 812 1656 qui
839 1569 938 1660 magis
964 1580 1125 1638 externam
1150 1572 1284 1660 speciem
1308 1584 1345 1641 et

226 1669 765 1756 quotidianamadministrationem,
788 1692 881 1757 quam
894 1669 947 1757 jus
963 1669 1066 1759 ipsum
1083 1673 1197 1739 summi
1215 1673 1343 1761 imperii

225 1778 369 1858 spectare
383 1791 560 1860 congruens
576 1771 694 1836 ducunt
702 1791 767 1836 suo
784 1769 937 1837 instituto.

62 1881 200 1923 Petam&
302 1869 378 1935 XX.
422 1873 442 1936 1
477 1869 583 1958 Megis
598 1870 640 1936 ad
655 1891 723 1936 rem
738 1868 876 1957 pertinet
893 1868 978 1957 quod
1001 1869 1187 1938 Aristoteles
1204 1872 1342 1962 scripsit,

225 1966 308 2036 inter
330 1990 464 2059 regnum
486 1968 622 2057 plenum,
642 1969 727 2056 quod
752 1965 1002 2056 παμβασιλεῖαν
1019 1979 1118 2047 vocat,
1144 1971 1269 2054 (eadem
1292 1984 1344 2041 est

61 2076 212 2165 {wia
225 2065 418 2151 ῦπαμτελῆς
442 2071 617 2163 μοναρχία,
647 2067 795 2157 Sophocli
817 2071 992 2156 Antipone,
1023 2069 1196 2137 Plutarcho
1220 2067 1345 2144 ‘orire-

58 2170 193 2256 gamm·
225 2164 349 2261 κρατῆς
375 2165 538 2256 βασιλεία
562 2167 615 2236 rai
642 2163 873 2247 α’νυπεῦθυνος,
903 2169 1052 2236 Slrssbtifll
1082 2166 1216 2258 ἕξθνσῖα
1238 2167 1342 2242 “liw-

58 2261 202 2359 fflfflffl
225 2265 341 2354 τελῆς)
362 2276 396 2336 et
415 2289 549 2358 regnum
566 2268 763 2346 Laconicum,
787 2268 841 2355 qui
863 2290 968 2334 merus
987 2279 1036 2335 est
1052 2270 1256 2359 principatus,
1283 2273 1343 2339 uli·

269 2446 350 2496 ιῙῐοο
368 2446 481 2510 equidem
497 2445 554 2495 duri
574 2446 687 2493 Romano
706 2459 755 2492 nou
805 2445 867 2493 tue:
884 2445 939 2493 etet
955 2444 1007 2507 γᾶρ
1020 2444 1044 2493 ol
1058 2448 1249 2508 Λακεδαιμόνιοι
1263 2450 1343 2498 αὐτο.

223 2523 345 2586 congruit,
357 2536 503 2584 quamquam
518 2521 544 2568 in
559 2520 624 2567 Foro
638 2521 756 2568 obtineat.
805 2519 927 2580 xpdreprs
947 2518 1025 2576 ἦσαν·
1041 2535 1114 2582 neque
1137 2522 1199 2569 enin
1224 2522 1343 2573 hendo.

223 2597 287 2645 Vide
295 2597 440 2653 Cnsrcruu,
453 2595 548 2642 Obseru.
560 2594 641 2642 xrnt
655 2599 681 2641 et
691 2595 756 2642 Vix·
805 2593 1088 2657 moniipleaojurereqer
1094 2603 1170 2644 erant.
1186 2596 1341 2659 (Ancum

222 2685 291 2720 rerusr
306 2672 332 2718 r'n
346 2671 425 2718 lmese.
436 2671 487 2718 Tit.
501 2669 593 2730 Quibus
604 2670 679 2716 modis
694 2671 753 2717 Test.
805 2670 992 2730 Lib.11.e.lt).

223 2749 383 2809 infirmantur,
397 2747 412 2809 5
426 2749 449 2795 2.
480 2747 527 2794 Sed
542 2746 755 2807 receptuillasen·
849 2745 967 2804 theales
987 2746 1104 2793 habebunt
1124 2747 1209 2808 uicini]
1231 2749 1342 2800 Puram

222 2825 309 2882 tentis,
319 2837 391 2884 quarn
403 2825 497 2869 Auctor
508 2829 591 2868 noster
598 2822 651 2869 heic
661 2822 755 2881 probat,
805 2819 920 2880 populus,
938 2826 966 2866 ut
979 2819 1084 2881 Josephi
1100 2823 1178 2868 verbis
1193 2828 1257 2881 utar,
1268 2826 1342 2872 oeten

223 2904 248 2946 et
263 2901 294 2946 de
309 2913 357 2960 qua
372 2899 443 2945 etiam
458 2899 549 2958 aliquid
565 2898 624 2944 dicit
639 2900 663 2943 in
674 2898 754 2956 Epist.
804 2894 903 2940 ἄτοπον
914 2896 977 2941 εἶναι
991 2898 1044 2941 τῶν
1058 2896 1249 2959 πλησιοχῶρων
1262 2901 1342 2958 βασι.

223 2975 291 3022 Part.
309 2986 339 3022 ιι.
356 2987 395 3034 ep.
411 2975 449 3020 10.
465 2973 544 3019 verior
560 2977 605 3028 est,
623 2972 755 3018 seeundum
804 2969 945 3028 λευομένων
955 2969 1091 3026 τιῑναῦτιῐν
1102 2970 1171 3032 ἔχειν
1186 2975 1278 3022 αὐτοὺς
1289 2991 1341 3022 το-

223 3047 272 3096 Jus
282 3048 414 3106 Natural03
429 3047 493 3094 utin
509 3046 580 3094 Notis
597 3047 697 3094 Gallicis
715 3061 755 3094 os·
804 3045 918 3093 λιτεὶαν·
934 3048 996 3095 nihil
1010 3048 1218 3107 ostendamini,
1233 3064 1287 3098 eun
1301 3054 1340 3099 ei·

222 3123 350 3171 tendimus.
381 3122 452 3172 ΛΒ.
804 3121 853 3168 cini
872 3128 1037 3182 reqnurnrwr,
1057 3124 1105 3183 iper·
1125 3125 1222 3171 eandem
1242 3127 1341 3186 inperii

267 3194 567 3258 1Παντιλιὶιμοναρχῐα]
576 3197 755 3255 Faciuntenim,
800 3195 906 3255 somnum
916 3198 1057 3256 occurerent.
1088 3197 1228 3256 (Antlrrd.
1240 3213 1276 3247 vr.
1289 3206 1330 3264 4.)

223 3273 290 3320 utad
303 3271 317 3332 ξ
329 3273 376 3318 viii.
390 3273 534 3328 notavimus,
548 3271 754 3331 Tremeli-egnum
850 3271 859 3300 ²
876 3272 990 3318 Imitatur
1005 3273 1172 3332 loquutionem
1191 3276 1278 3332 Taciti,
1297 3280 1341 3327 ubl

223 3349 366 3395 Thebanum
391 3347 469 3394 simile
497 3348 580 3407 regnis
605 3347 755 3404 thnieum,
805 3347 993 3407 tamenoptimee
1009 3347 1341 3401 Editioneshnbeutuddue-

223 3423 287 3471 uude
297 3423 345 3469 orti
352 3427 431 3470 crant.
804 3422 860 3481 tius,
872 3436 920 3467 non
930 3421 1068 3470 addicetur:
1089 3423 1169 3470 Trous
1183 3425 1272 3487 Lygios
1288 3428 1341 3476 Go-

267 3507 280 3531 ¹
295 3498 458 3557 Atroxpurrir
466 3495 600 3557 βασιλεία]
616 3495 752 3556 SleDionp·
805 3496 891 3542 thonos
905 3502 1042 3557 repnentur,
1052 3499 1199 3558 paullojnm
1209 3502 1342 3552 adductiore

222 3574 271 3621 sius
286 3573 503 3622 Halicarnassensis
514 3572 543 3618 de
552 3570 680 3618 laconicis
691 3571 754 3631 repi·
803 3585 875 3630 quern
882 3576 963 3618 cetera
972 3572 1147 3620 Germanorum
1156 3582 1242 3636 pentes.
1255 3577 1340 3629 Ges-ne.

274 3832 292 3881 2
316 3825 378 3881 The
393 3841 456 3880 case
468 3825 491 3879 is
506 3824 562 3880 like
575 3823 638 3879 that
652 3825 686 3880 of
697 3841 715 3879 a
729 3830 882 3880 testament
893 3826 922 3879 in
935 3823 1026 3880 which
1042 3825 1064 3880 it
1079 3825 1102 3880 is
1116 3825 1209 3881 added
1222 3824 1287 3883 that
1299 3846 1339 3886 no

220 3912 391 3983 subsequcnt
406 3918 558 3966 testunrent
576 3911 649 3965 shall
668 3912 704 3966 hc
719 3912 809 3974 ralid3
832 3912 878 3965 sor
890 3911 945 3967 this
961 3911 1055 3967 clause
1073 3911 1124 3966 has
1140 3911 1189 3968 thc
1204 3913 1291 3970 effect
1307 3916 1342 3971 οἱ

220 3998 334 4069 making
342 4016 360 4052 n
369 3999 441 4052 later
450 4004 601 4052 testament
608 3998 759 4070 presumcd
769 4006 818 4052 not
828 4005 858 4052 to
868 3998 903 4052 bc
912 3997 961 4052 tho
970 3998 1029 4053 real
1038 3998 1094 4052 will
1104 3998 1137 4054 of
1146 3999 1195 4055 the
1203 4006 1336 4058 testator.

219 4086 276 4138 But
289 4102 319 4138 as
335 4084 390 4138 this
406 4084 499 4139 clauso
516 4101 579 4154 may
594 4083 630 4139 bc
646 4085 793 4139 rescinded
806 4085 843 4156 by
855 4101 891 4138 nn
907 4101 1020 4156 express
1032 4085 1087 4140 and
1107 4086 1212 4158 special
1228 4088 1339 4159 signifi.

220 4172 313 4226 oetion
329 4170 362 4225 ol
374 4170 423 4225 the
439 4171 491 4222 will
506 4170 595 4224 ottho
610 4173 712 4234 irritor,
725 4187 756 4224 so
769 4188 833 4241 may
850 4171 910 4225 that
926 4171 1110 4226 directiones
1122 4172 1172 4226 the
1187 4173 1265 4244 iring.

272 4258 355 4312 XIX.
392 4257 407 4311 I
422 4256 458 4310 do
474 4264 524 4310 not
543 4255 610 4310 hero
625 4273 675 4311 use
690 4256 739 4312 the
754 4257 899 4330 authority
912 4257 944 4311 of
955 4258 1098 4330 Polybius,
1106 4258 1168 4312 rrho
1181 4257 1272 4313 refers
1286 4260 1338 4316 tho

219 4344 330 4398 Roman
346 4345 426 4398 State
442 4350 471 4398 to
488 4342 535 4397 the
550 4342 621 4399 class
636 4343 669 4398 ol
685 4344 777 4399 mixed
795 4345 987 4416 Serereignty.
1026 4345 1082 4398 For
1096 4350 1125 4399 at
1142 4343 1204 4400 thar
1219 4345 1301 4413 time,
1315 4346 1343 4402 it
