2774 4854
227 183 293 248 310
477 190 530 246 DE
551 188 828 256 Acuulsmosu
850 187 1084 245 omumlm
1206 182 1324 255 [lunll.
1370 230 1372 241 ,

304 357 331 421 2
360 353 411 421 Ab
431 354 491 421 hac
512 353 718 444 generalitate
737 352 839 420 eximo
863 352 1063 419 matrimonia
1086 361 1262 440 parentum
1283 375 1326 418 eu·
1370 341 1372 351 '

222 453 398 545 juscuuque
414 455 532 545 gradus
549 478 618 520 cum
635 455 751 530 liberis,
769 476 840 541 quse
856 475 918 541 quo
933 454 1034 519 minus
1047 451 1135 518 licita
1151 450 1231 530 sint,
1254 451 1326 518 ratio

228 555 275 641 (ni
289 555 395 641 onor)
411 555 487 622 satis
503 564 648 643 apparet
698 555 780 621 Nam
803 575 860 619 nee
882 554 1022 630 maritus,
1048 551 1104 641 qui
1121 550 1272 639 superior
1286 561 1327 617 est

227 654 300 746 lege
316 654 514 731 matrimonii,
531 676 601 720 eam
616 655 823 721 reverentiam
840 662 944 742 potest
956 663 1109 742 proestare
1126 651 1228 717 matri
1242 673 1327 739 quam

228 765 344 825 natura
362 753 470 843 exigit,
494 775 552 820 nec
576 753 660 842 putri
677 754 760 832 lilia;
786 754 860 842 quin
882 776 1060 842 quanquam
1076 751 1281 818 interierat
1299 750 1327 815 iu

229 853 436 932 matrimonio,
456 853 557 941 ipsum
574 864 680 921 tamen
696 854 925 922 matrimonium
945 857 1040 921 talem
1062 851 1185 919 inducit
1205 850 1328 918 societu-

230 962 305 1033 tem,
334 974 406 1042 que
431 953 513 1020 illius
541 955 775 1021 necessitudinis
795 953 1004 1021 reverentiam
1035 953 1197 1020 excludet.
1248 951 1328 1018 Bene

67 1078 218 1128 aueum.
230 1054 348 1122 Paulus
364 1055 387 1121 J
389 1054 618 1135 uriscousultus,
645 1078 715 1122 cum
732 1054 860 1121 dixisset
875 1054 907 1120 in
929 1053 1153 1120 contrahendis
1175 1052 1328 1120 macrino

65 1126 291 1222 i⁸⁴d-⁸ii'¹¹t¹i't'niis
316 1154 478 1222 'naturale
498 1155 552 1243 jus
578 1164 611 1221 et
637 1155 788 1243 pudorem
814 1153 1046 1242 inspiciendum,
1073 1151 1202 1220 addidit
1228 1161 1329 1220 contre

68 1218 135 1268 m
230 1254 381 1345 pudorem
405 1277 472 1322 osso
489 1255 583 1321 filiam
605 1277 693 1322 suam
710 1276 840 1322 uxorem
856 1255 980 1321 ducere.
1033 1253 1128 1319 Talia
1146 1253 1251 1343 igitur
1260 1275 1328 1319 >oon-

225 1353 318 1446 Jugia
331 1354 417 1422 haud
433 1354 637 1422 dubitandum
659 1355 734 1442 quin
755 1365 788 1422 et
808 1354 914 1420 illicita
937 1353 1009 1431 sint,
1030 1361 1064 1421 et
1084 1352 1179 1420 irrite
1195 1353 1327 1443 insuper,

230 1454 305 1544 quis
321 1453 432 1522 ritium
449 1465 601 1544 perpetuo
616 1455 739 1522 effectui
756 1455 907 1522 ndhaeret
1064 1446 1068 1456 ’

306 1557 329 1622 3
362 1555 474 1643 Neque
491 1577 618 1622 movere
634 1577 691 1622 nos
707 1556 802 1622 debet
821 1552 972 1644 Diogenis
992 1561 1025 1620 et
1042 1553 1221 1644 Chrysippi
1241 1576 1328 1644 ergu-

229 1664 379 1735 mentum,
405 1677 426 1722 a
450 1654 542 1745 gallis
564 1655 742 1746 gallinaceis
763 1655 892 1741 aliisque
913 1653 1125 1720 animantibus
1142 1655 1241 1721 mutis
1258 1655 1329 1742 peti·

229 1762 309 1834 tum,
327 1777 390 1844 quo
406 1757 542 1844 probare
553 1755 701 1823 volebant
717 1754 948 1821 commixtiones
965 1752 1043 1819 tales
1059 1775 1123 1819 non
1141 1776 1213 1821 esse
1229 1765 1330 1820 centn

225 1852 280 1943 jus
301 1865 432 1922 naturae.
483 1856 576 1933 Nam,
602 1865 639 1921 ut
659 1855 747 1922 initio
768 1853 841 1920 libri
861 1853 1005 1930 diximus,
1026 1853 1103 1919 sotis
1126 1862 1188 1932 est,
1215 1853 1244 1920 si
1267 1875 1329 1920 cum

229 1963 346 2022 ustnro
367 1956 504 2022 humans
529 1955 603 2044 quid
629 1965 757 2045 pugnet,
784 1963 821 2020 ut
841 1952 981 2020 illicitum
996 1952 1163 2020 habeatur.
1218 1955 1264 2020 Et
1277 1955 1331 2019 hoo

67 2065 186 2163 {pm
230 2063 280 2123 est
299 2055 462 2133 incestum,
496 2056 579 2143 quod
605 2055 697 2142 'jure
725 2054 865 2144 gentium
887 2052 1038 2120 committi
1067 2053 1198 2142 scripsit
1221 2053 1331 2120 Paulus

225 2154 455 2242 jurisconsultis
487 2155 569 2222 inter
599 2155 717 2245 gradus
746 2152 978 2221 ascendentium
1005 2162 1039 2219 et
1065 2153 1329 2222 descendentium.

66 2289 217 2388 ffipss..
231 2253 305 2323 Hoc
327 2264 376 2323 est
394 2255 448 2344 jus
464 2254 540 2322 illud
557 2256 642 2342 quod
658 2254 837 2342 Xenophon
859 2253 905 2321 eit
920 2275 984 2319 non
1003 2274 1041 2319 eo
1056 2251 1160 2320 minus
1177 2253 1237 2342 jus
1259 2275 1332 2331 eme,

66 2383 97 2424 n
189 2363 197 2385 .

274 2431 499 2492 nomeneulatores
504 2432 620 2495 pudorem
631 2432 758 2492 inspicien-
806 2431 920 2478 intortum
951 2430 1000 2478 sina·
1027 2431 1141 2492 oportuit,
1171 2438 1335 2487 eostam,

230 2504 298 2567 den]
318 2505 424 2568 Egregie
438 2506 483 2554 hoe
495 2507 635 2567 exsequitur
646 2505 717 2553 Philo
729 2505 758 2552 de
806 2520 879 2567 neque
893 2507 1016 2554 metetis
1029 2520 1103 2567 neque
1117 2511 1226 2557 natent
1240 2508 1335 2556 ιιοιιιίσ

231 2580 512 2643 Speciutihuelepitua5
527 2582 630 2628 ubiesse
641 2583 699 2628 dicit
713 2583 756 2642 με’-
806 2582 947 2629 uerrendis
965 2582 1039 2642 tonqi,
1056 2583 1154 2630 eudem
1173 2584 1280 2642 <funden
1293 2597 1336 2631 esst

229 2673 324 2719 γιστον
336 2656 533 2718 διοσιοὺργιιμα,
543 2657 670 2703 maximum
680 2657 757 2716 nefas,
799 2658 883 2718 filium
892 2664 914 2706 et
929 2659 1049 2716 moritum,
1059 2659 1159 2706 eunden
1173 2661 1280 2718 &uades
1291 2674 1336 2706 ιιι·

229 2732 330 2794 πατρδι
350 2732 422 2786 cirris
441 2732 666 2790 τιτιλιυτηκότοι,
684 2733 713 2788 ἣν
728 2733 756 2781 ‹i-
808 2739 867 2780 trem
886 2739 908 2781 et
932 2748 1035 2781 worm.
1058 2733 1135 2796 (Peg.
1157 2739 1206 2786 ΠΒ
1225 2751 1252 2787 c.
1271 2737 1336 2786 Edit.

231 2807 351 2868 ψουστον
361 2805 394 2855 o's
403 2805 471 2867 lepris
480 2807 557 2868 δχριῖν
567 2807 756 2866 φυλάττεσθαι,
808 2809 910 2865 Paris.)

232 2881 586 2943 καταισχῦνιιν,γὴρωιόἅκοὶ
596 2883 757 2942 μητρόιαιδῶ
851 2886 939 2933 ιιῖιιιτ
958 2886 1071 2947 centium]
1087 2888 1128 2935 Sic
1148 2893 1175 2936 et
1194 2890 1337 2952 Pupiniensi

231 2955 267 3016 μιί
283 2956 431 3016 λαμβάνειν,
451 2957 498 3002 τὸν
514 2958 592 3002 αὐτὸν
615 2959 662 3013 τῆς
681 2960 758 3012 αὐτῆς
807 2961 916 3022 loquitur
932 2962 956 3007 ln
970 2963 999 3009 L.
1017 2962 1225 3013 &Adulterium
1241 2969 1279 3015 88.
1295 2967 1336 3027 ξι

233 3031 286 3078 uldu
298 3033 339 3078 not
350 3032 427 3090 ἄνδρα
438 3029 562 3090 γενέσθαι,
570 3033 613 3077 και
623 3032 702 3078 πάλιν
712 3032 759 3087 τήν
808 3037 840 3084 Ι).
857 3037 892 3084 ad
900 3037 973 3097 leym
982 3038 1117 3085 Juliande
1128 3041 1279 3090 Adultertu.

232 3106 312 3162 αὖτιίν
322 3109 364 3154 νῦν
373 3106 469 3165 μητέρα
479 3105 519 3152 sai
533 3111 657 3166 γυναῖκα·
672 3108 759 3155 Patrio
852 3112 864 3147 ὓ
878 3113 901 3160 Α
912 3113 996 3160 Perti!
1009 3117 1215 3179 contemnebatur]
1233 3119 1338 3174 Quom

232 3181 411 3238 nortuicubile,
425 3180 495 3241 quod,
508 3185 758 3243 tanquommeuero,
808 3187 854 3234 huo
870 3187 896 3234 in
919 3202 946 3235 re
962 3189 1053 3237 crimen
1071 3190 1143 3238 bellis
1158 3196 1296 3255 perpetum
1315 3208 1340 3242 ue

288 3437 307 3486 2
327 3431 412 3487 From
427 3431 483 3487 this
497 3433 612 3504 general
626 3435 746 3498 remark,
761 3435 776 3489 1
790 3443 889 3509 except
903 3437 952 3493 tho
964 3438 1052 3493 uniou
1066 3436 1100 3491 oi
1110 3445 1232 3509 parents
1244 3441 1280 3496 ot
1290 3457 1342 3513 ιιι]

233 3516 336 3590 degree
354 3517 422 3574 with
440 3518 515 3574 their
534 3519 676 3582 childreu3
703 3521 757 3584 tor,
779 3521 804 3575 u
822 3523 837 3576 1
860 3540 907 3576 am
929 3531 981 3578 not
1004 3524 1148 3586 deceircd,
1169 3526 1222 3582 the
1246 3544 1342 3583 meson

234 3604 296 3677 why
315 3604 385 3660 euch
405 3605 506 3660 uniens
527 3622 575 3660 nro
596 3606 729 3660 uulowiul
749 3608 771 3660 is
791 3615 936 3679 apparent.
974 3611 1032 3664 For
1052 3608 1103 3664 the
1123 3610 1270 3678 husbund,
1284 3614 1342 3667 veho

232 3690 257 3746 is
272 3690 321 3746 the
335 3692 463 3764 superior
474 3691 571 3764 bytho
583 3692 636 3746 law
650 3693 683 3746 of
692 3694 870 3764 ιιιιιιιιιιιοιιι,
884 3696 968 3750 could
982 3702 1034 3750 not
1047 3711 1105 3767 pay
1119 3703 1151 3752 to
1166 3697 1214 3754 his
1230 3700 1340 3756 mother

232 3773 331 3848 (being
348 3777 392 3833 his
415 3777 491 3844 uite)
513 3777 562 3833 tho
579 3794 729 3832 reverenco
752 3780 841 3833 which
864 3787 964 3837 nature
986 3782 1129 3853 requires3
1151 3800 1209 3839 nor
1227 3787 1344 3842 coulda

231 3955 280 4020 yet
302 3947 351 4003 tho
374 3951 512 4019 marriage
532 3951 692 4005 introduces
713 3967 731 4005 a
753 3953 984 4026 compacionship
1003 3955 1095 4010 which
1118 3958 1257 4014 excludes
1279 3959 1345 4014 filisl

231 4050 389 4090 rerereuce.
426 4034 531 4089 Paulus
546 4035 595 4090 tho
609 4037 699 4091 Jorist
713 4053 775 4109 says
790 4038 852 4093 that
863 4040 984 4095 Natural
997 4043 1063 4095 Lau
1075 4042 1133 4096 and
1148 4045 1286 4118 modesty
1300 4063 1345 4101 ere

232 4128 263 4177 to
281 4120 317 4176 he
335 4120 470 4192 regarded
488 4122 517 4174 in
536 4124 711 4194 contractiug
727 4126 872 4194 marriage,
894 4127 951 4180 and
971 4128 1050 4192 adds,
1068 4126 1133 4182 thot
1151 4130 1176 4182 it
1195 4132 1221 4185 is
1238 4135 1346 4203 egninst

231 4207 361 4281 modesty
375 4208 420 4262 for
436 4225 489 4262 ouo
508 4215 538 4262 to
554 4208 625 4263 horo
639 4209 682 4263 his
698 4227 759 4264 own
780 4211 918 4270 dauuhtor
935 4222 965 4266 to
976 4215 1048 4267 uite.
1087 4214 1167 4269 Such
1182 4221 1346 4293 marriagoe,

231 4295 309 4358 theu,
324 4312 373 4350 ore
408 4304 436 4349 ot
472 4296 615 4361 unlus-ru,
634 4297 690 4352 oud
705 4297 765 4353 also
783 4298 857 4364 reid,
875 4298 995 4355 because
1017 4300 1067 4354 tho
1089 4302 1152 4356 rico
1173 4302 1230 4362 hos
1249 4323 1269 4364 a
1286 4325 1347 4382 por.

230 4382 329 4457 petual
342 4382 434 4438 effect
