2774 4854
65 272 141 331 Car.
154 271 232 342 m]
354 274 446 341 Qt'AE
469 273 533 330 m*
554 273 632 330 PER
653 273 798 340 Luceni,
819 271 902 330 BTO.
1117 266 1182 332 389

65 441 144 532 lege
166 440 299 529 proximi
323 440 378 508 fiat
406 438 531 507 montio.
584 440 736 507 Rationes
762 464 832 530 quoe
858 463 900 508 ex
927 439 1050 530 legibus
1066 441 1184 508 Iloms·

64 542 121 610 nis
136 542 320 609 adseruntur
336 541 378 609 ad
395 543 475 608 hanc
491 563 559 607 rem
576 539 678 606 miuus
695 541 795 608 firmre
820 552 916 621 sunt:
940 540 1024 629 quod
1049 560 1183 629 appare·

66 643 120 712 bit
141 644 227 733 leges
250 641 335 729 ipsas
352 641 533 731 inspicienti.
586 641 650 709 Sed
676 641 744 708 haee
769 643 851 710 ratio
875 642 993 732 optima
1015 650 1074 719 est,
1098 640 1184 730 quod

65 744 104 812 in
122 743 254 810 materia
277 742 440 809 favorabili
457 742 625 809 dictionum
648 742 832 832 significatio
856 742 1054 810 extendenda
1076 750 1125 809 est
1141 740 1185 809 sd

67 867 195 912 omnem
223 843 459 932 proprietatem,
485 864 547 909 non
574 843 738 933 vulgarem
761 854 895 922 tantum,
921 844 978 911 sed
1003 851 1036 910 ct
1057 841 1184 910 artifiei-

66 945 164 1022 slem
190 945 237 1011 ita
260 953 298 1010 ut
319 943 377 1010 sub
400 942 524 1009 nomino
548 943 681 1010 filiorum
703 945 1008 1033 comprehendantur
1032 941 1183 1033 adoptivi,

68 1059 106 1113 et
129 1046 188 1112 sub
208 1042 333 1110 nomine
359 1044 468 1110 mortis
495 1066 579 1110 mors
606 1043 714 1121 civilis,
736 1045 811 1132 quia
834 1045 922 1136 leges
946 1045 992 1111 its
1008 1045 1094 1133 loqui
1110 1065 1184 1111 eon·

68 1154 253 1214 sueverunt.
307 1144 415 1222 Quare
431 1145 544 1210 mento
560 1144 696 1232 proximi
713 1146 838 1212 nomino
855 1144 1004 1212 venietis
1021 1168 1114 1233 quem
1130 1145 1184 1212 lex

68 1246 105 1314 in
123 1245 299 1335 proximum
326 1244 459 1335 gradum
484 1244 638 1333 perducit.
690 1246 728 1313 in
749 1244 857 1336 regnis
880 1266 957 1311 sero
982 1243 1184 1312 hereditariis

68 1346 250 1423 individuis,
268 1346 323 1413 ubi
339 1344 452 1413 subitio
469 1343 501 1410 in
525 1344 626 1411 loourn
644 1347 769 1414 exclusa
785 1367 849 1412 non
866 1354 924 1422 est,
939 1365 1042 1432 neque
1058 1367 1184 1436 semper

68 1471 181 1539 nepos,
206 1469 308 1535 neque
333 1469 456 1535 semper
480 1445 562 1512 tilius
583 1447 718 1512 seeundo
742 1446 867 1537 genitus
886 1444 1109 1535 praeferuntur,
1126 1444 1185 1514 sed

70 1561 110 1618 nt
127 1551 210 1617 inter
226 1570 328 1637 pares,
347 1548 462 1635 quippe
478 1546 559 1635 juris
582 1547 694 1613 effectu
717 1547 822 1634 quoad
846 1545 966 1638 gradus
989 1544 1183 1634 adaequatos,

70 1650 257 1740 potionerit
276 1648 372 1736 isqui
390 1656 485 1715 rotate
506 1645 678 1737 proeoedits
703 1668 776 1712 nam
800 1646 833 1714 iu
857 1646 961 1714 mtatis
982 1645 1184 1738 privilegium

70 1773 137 1817 non
155 1749 276 1816 succedi
291 1748 324 1814 in
340 1747 447 1839 regnis
470 1745 669 1814 hereditariis
694 1768 790 1836 supra
815 1746 959 1815 diximus.
1010 1746 1106 1836 Apud
1123 1746 1185 1814 Co·

70 1852 208 1919 rintlrios
237 1848 424 1916 succedebat
458 1844 477 1917 ὁ
503 1842 749 1942 πρεσβύτατος
772 1843 823 1916 dei
853 1851 921 1919 τῶν
953 1843 1114 1940 ε’κγόνων.
1142 1868 1185 1914 ex

70 1951 181 2019 liberis
191 1950 329 2018 defuncti
347 1949 432 2039 regis
449 1948 475 2015 is
493 1949 546 2037 qui
560 1957 635 2014 natu
659 1957 741 2014 essct
758 1948 921 2026 maximus,
939 1960 976 2016 ut
992 1972 1033 2016 es
1051 1945 1185 2016 Diodori

73 2052 172 2120 Siculi
193 2052 273 2119 libro
289 2060 378 2118 sexto
396 2049 561 2138 exscripsit
578 2049 735 2138 Georgius
755 2049 937 2115 Monachus
982 2049 1035 2117 Sic
1051 2059 1085 2117 et
1099 2047 1186 2138 apud

71 2152 244 2229 vandalos,
274 2160 365 2218 cauto
391 2160 428 2217 ut
455 2149 558 2216 haeres
586 2159 670 2216 esset
698 2149 753 2236 qui
782 2149 935 2239 sanguiue
962 2149 1127 2238 proximus
1152 2156 1186 2216 et
1199 2165 1348 2260 mg}

70 2252 227 2319 maximus
245 2259 327 2318 esset
347 2259 434 2326 natu,
452 2248 621 2337 ‘praelatus
638 2248 719 2316 iilius
740 2249 893 2316 secundus
911 2259 988 2317 natu
1008 2249 1109 2340 major
1132 2248 1188 2317 fita

114 2431 127 2465 ⁴
146 2429 180 2479 [ἐ
193 2430 250 2477 oliss
266 2431 292 2476 iss
309 2424 455 2489 demessa]
471 2427 535 2476 l'lds
550 2441 605 2489 qe·
653 2427 790 2490 mogsnlto.
805 2427 868 2476 l'ids
878 2428 944 2490 spud
950 2427 1187 2490 affingimus.

70 2520 149 2567 supn
159 2505 336 2553 aotsdmussd
348 2504 361 2566 5
373 2505 406 2551 xl.
438 2503 475 2550 Es
490 2504 521 2551 ds
533 2517 606 2550 csuss
655 2515 673 2551 s.
683 2503 800 2551 clssssis.
811 2517 832 2550 c.
842 2503 897 2549 arti.
909 2516 932 2550 e.
942 2504 980 2551 ³6.

70 2583 133 2628 ollas
148 2581 173 2627 ln
188 2580 326 2628 Pslstlnste
343 2578 459 2641 prelatus
480 2577 606 2640 Repertus
699 2587 710 2612 ⁸
726 2578 929 2639 Praemittens
940 2578 1056 2626 ardes
1065 2582 1124 2627 ssts
1134 2593 1188 2629 ιι.

71 2656 155 2703 minor
170 2655 280 2718 liuperto
294 2654 366 2702 sltssl
381 2653 489 2701 rsotenti
504 2667 534 2702 es
555 2654 605 2716 pri·
647 2653 693 2712 jor
702 2654 758 2714 ,aas
770 2651 920 2715 priumie]
942 2654 1080 2703 llosorlcus
1090 2654 1189 2704 Gssso·

72 2911 178 2978 parent
199 2903 234 2960 be
253 2904 360 2980 plainly
378 2906 547 2964 introduced
568 2907 607 2980 by
627 2907 677 2963 the
696 2907 768 2963 Ciril
787 2907 865 2973 Lair,
888 2909 910 2962 lt
929 2906 983 2962 srill
1002 2905 1075 2963 lisso
1095 2905 1187 2980 ploos.

73 2990 222 3062 although,
236 2991 265 3046 in
280 3009 336 3066 any
347 2994 409 3058 iss,
419 2997 573 3067 proclinus,
585 2994 602 3022 ‘⁴
611 2993 662 3049 tho
676 3002 791 3050 nearest
807 2993 953 3059 relation?
971 2991 1009 3051 bs
1020 2991 1187 3051 montloned

73 3096 108 3134 ss
126 3078 175 3133 the
196 3093 349 3136 successor.
394 3082 456 3137 'ibo
478 3096 594 3137 reasons
612 3080 703 3136 which
724 3098 774 3136 aro
794 3081 892 3137 drawn
912 3081 987 3136 from
1008 3079 1059 3137 the
1072 3080 1186 3137 Roman

73 3167 157 3221 Lares
171 3172 202 3220 to
216 3165 272 3220 this
284 3168 376 3231 effect,
393 3185 443 3224 ere
457 3170 606 3233 insecuro3
621 3185 652 3223 ss
666 3167 722 3221 vill
741 3184 848 3239 appear
861 3175 892 3223 to
904 3184 961 3240 any
975 3183 1031 3222 one
1043 3165 1105 3223 who
1120 3183 1187 3223 sss·

10 3264 14 3297 τ
74 3252 167 3307 mines
181 3250 261 3307 these
277 3253 341 3309 lssrs
358 3254 537 3310 themselves.
575 3255 634 3309 But
647 3253 704 3309 this
719 3255 742 3308 is
757 3252 807 3308 tho
820 3253 884 3310 best
904 3270 1022 3318 reason;
1043 3252 1108 3310 that
1123 3255 1154 3308 la
1168 3270 1188 3310 s

10 3371 12 3375 ·
75 3337 240 3395 fasourahlo
251 3349 363 3404 matter,
375 3341 424 3396 the
437 3342 624 3413 signitlcstiou
634 3342 666 3396 ot
677 3340 768 3396 words
781 3341 804 3394 is
818 3348 849 3396 to
862 3340 1049 3396 beesteaded
1060 3347 1091 3396 to
1100 3357 1188 3414 every

74 3438 221 3502 property,
231 3438 282 3482 not
293 3443 423 3482 common
435 3428 510 3500 only,
522 3428 574 3484 hut
584 3427 715 3484 srtihcial
727 3428 804 3492 slso;
818 3443 850 3482 so
862 3428 926 3483 that
938 3427 1030 3483 under
1040 3427 1091 3483 the
1101 3443 1188 3485 ιω

10 3532 13 3555 ¹
74 3515 110 3570 ot'
120 3529 185 3569 sons
199 3530 248 3569 sre
263 3522 294 3569 to
309 3514 345 3569 bo
360 3513 588 3587 eomprehended
603 3515 737 3587 adoptivo
748 3530 832 3577 sous;
854 3513 910 3568 snd
925 3514 1018 3569 under
1035 3513 1087 3570 the
1101 3530 1188 3572 asmo

10 3620 14 3649 =
73 3601 110 3658 os
129 3600 224 3665 death,
241 3601 305 3657 cisil
322 3601 418 3666 dorth,
438 3602 558 3658 because
577 3602 627 3658 the
642 3603 709 3656 lans
729 3600 801 3655 hare
816 3601 889 3655 been
907 3600 1089 3656 accustomsd
1108 3618 1141 3657 so
1155 3606 1188 3658 to

10 3704 14 3718 ’
72 3688 172 3762 sposk.
208 3688 364 3745 Therelore
374 3689 412 3744 ho
427 3706 492 3762 may
499 3689 591 3761 justly
602 3705 683 3744 eomc
695 3689 724 3742 iu
739 3687 789 3742 the
801 3704 885 3743 namo
896 3686 931 3742 oi
939 3688 1083 3759 protimus
1094 3687 1188 3744 sehon

73 3777 127 3832 the
142 3776 193 3830 lasr
205 3775 255 3831 has
267 3783 319 3848 put
334 3777 363 3830 in
377 3776 425 3831 the
438 3787 550 3831 nearest
566 3776 647 3848 placo
662 3785 693 3831 to
709 3775 758 3831 tho
772 3775 940 3831 succession.
986 3775 1043 3831 But
1058 3775 1088 3829 ia
1103 3773 1188 3832 here-

74 3864 169 3934 ditary
184 3862 341 3917 indivisiblo
358 3862 516 3933 kingdoms,
531 3865 559 3917 in
575 3862 666 3918 which
681 3864 865 3918 substitution
881 3862 916 3916 ot
929 3878 984 3917 one
1003 3879 1107 3936 person
1125 3864 1189 3918 into

74 3949 127 4004 tho
142 3949 221 4021 place
236 3948 270 4002 os
287 3948 408 4003 another
426 3951 448 4003 is
471 3958 520 4005 not
541 3951 688 4015 eseluded,
710 3968 750 4005 vro
769 3959 871 4004 cannot
887 3967 937 4022 say
952 3949 1015 4006 that
1030 3950 1123 4006 either
1137 3949 1188 4007 tho

74 4036 217 4110 grandson
229 4036 340 4107 always.
351 4053 385 4090 or
399 4034 448 4091 tho
460 4039 565 4092 second
577 4055 629 4092 son
640 4038 751 4109 always.
767 4038 789 4091 is
802 4037 966 4108 preferredr
984 4037 1037 4093 but
1050 4054 1083 4093 ss
1101 4038 1189 4110 being

74 4123 159 4194 equal
173 4123 201 4177 in
214 4122 306 4187 claim,
321 4123 359 4195 hp
371 4121 420 4178 the
432 4124 516 4178 etleet
528 4125 561 4179 oi'
573 4125 625 4179 larr
640 4126 669 4178 in
682 4124 838 4195 equaliring
850 4124 926 4180 their
937 4124 1055 4197 degrees
1067 4123 1102 4180 oi
1114 4123 1189 4179 reis·

74 4209 210 4283 tionslsip.
221 4209 258 4265 ho
271 4212 293 4265 is
306 4211 466 4282 preferable
479 4210 540 4266 vrbo
554 4213 576 4267 is
589 4211 638 4266 the
651 4212 745 4274 elder;
761 4211 806 4265 tor
818 4214 846 4265 in
860 4211 1021 4283 luereditary
1029 4210 1188 4282 kingdoms,

10 4317 14 4340 ¹
75 4317 108 4355 ss
128 4315 169 4353 wo
184 4296 256 4353 haro
271 4299 340 4362 said,
356 4297 405 4353 the
418 4299 553 4371 privilege
565 4299 698 4371 eingeis
714 4307 764 4354 not
777 4299 951 4354 transferred
966 4298 1004 4369 b5
1019 4298 1186 4354 successisse.

75 4388 115 4442 tt
130 4385 248 4441 Corinth
266 4385 316 4441 the
331 4385 421 4441 oldest
443 4386 476 4441 ot
493 4386 544 4442 tiro
560 4386 748 4444 descendants
769 4387 803 4440 os
820 4386 870 4440 the
886 4382 1024 4440 deceased
1042 4383 1112 4457 king
1123 4400 1190 4441 suo·

10 4492 15 4525 ι
75 4472 192 4531 cssded.
238 4471 927 4549 Sosmoogtrosnddsttmprsridedthst
945 4470 1189 4530 thehslrslsould
